4284 5572
262 394 311 460 28

263 589 377 656 soristi
406 588 619 674 conjunctivo
647 597 772 668 carent,
804 588 850 651 ita
873 586 946 652 aliis
970 585 1132 674 exemplis
1154 586 1285 653 ostendi
1309 596 1428 675 potest,
1453 588 1602 656 Graecos
1624 590 1856 659 nonnullorum
1877 616 1950 659 ver-

260 709 379 775 borum
402 709 587 794 praesentis
610 707 858 791 conjunctivum
882 704 991 770 eidem
1010 708 1124 772 aoristi
1143 705 1242 772 modo
1258 707 1466 793 praetulisse,
1490 711 1615 796 quippe
1632 732 1745 775 eorum
1760 710 1950 794 verborum,

260 830 294 892 iu
319 827 441 913 quibus
464 827 623 911 temporis
645 825 747 890 futuri
766 827 857 891 notio
875 827 972 905 inest,
993 825 1035 892 cf.
1053 825 1145 905 ΙΙ,11
1159 843 1167 891 :
1183 829 1299 909 βούλῃ,
1316 827 1428 905 11,33:
1445 827 1617 911 ἐθέλωσιν,
1636 828 1700 913 Ill,
1714 832 1770 896 ll:
1789 833 1949 914 κελεύητε,

260 947 321 1028 lV,
332 948 390 1011 30:
414 947 585 1027 βούληται,
615 944 746 1027 v1,65:
769 947 929 1026 κελεύητε,
959 946 1047 1027 x‚3:
1067 947 1220 1024 ἐθέλητε.
1267 943 1509 1030 cognoscimus
1541 948 1660 1031 igitur,
1693 950 1728 1012 in
1758 951 1949 1015 universum

259 1068 368 1152 legem
385 1087 406 1129 a
419 1065 642 1149 grammaticis
659 1063 866 1130 observatam
883 1063 992 1126 valere
1010 1085 1118 1149 neque
1134 1074 1243 1128 nmen
1262 1074 1327 1128 tam
1347 1086 1463 1129 severe
1483 1087 1556 1130 esse
1575 1069 1797 1151 constitutam,
1821 1080 1858 1134 ut
1876 1070 1949 1134 uui·

261 1188 384 1271 cuique
414 1185 489 1249 loco
521 1206 621 1248 uuum
651 1193 781 1268 tempus
810 1192 868 1245 aut
893 1184 1035 1247 aoristus
1061 1192 1118 1246 aut
1139 1204 1298 1269 praesens
1321 1185 1516 1265 conveniat,
1547 1185 1607 1249 sed
1629 1187 1784 1274 exempla
1806 1198 1949 1269 exstare,

261 1305 295 1367 in
325 1302 447 1389 quibus
478 1312 617 1388 uterque
650 1302 882 1386 conjunctivus
913 1301 985 1365 sinc
1017 1300 1209 1365 discrimine
1242 1312 1429 1387 usurpetur.
1475 1302 1570 1383 Quae
1600 1326 1673 1368 cum
1698 1308 1745 1370 ita
1767 1308 1843 1387 sint,
1876 1328 1951 1370 mea

261 1423 427 1487 sententia
454 1421 524 1485 fere
553 1419 642 1484 idem
668 1420 710 1484 de
733 1418 796 1484 hoc
820 1441 882 1483 usu
904 1420 1002 1482 statui
1025 1428 1151 1504 potest,
1181 1418 1271 1504 quod
1301 1442 1403 1505 supra
1431 1419 1472 1483 de
1496 1424 1679 1507 praesentis
1703 1434 1738 1488 et
1756 1425 1870 1490 aoristi
1894 1426 1951 1488 im·

263 1540 405 1627 perativi
435 1538 623 1603 differentia
646 1537 807 1603 diximus:
841 1535 897 1601 ubi
921 1537 949 1600 is
973 1538 1029 1622 qui
1052 1535 1200 1622 loquitur
1220 1539 1385 1602 actionem
1407 1541 1551 1625 protasis
1574 1540 1712 1626 apodosi
1735 1564 1952 1629 praecurrere

262 1655 450 1744 praedicari
474 1680 539 1722 non
562 1655 642 1739 vult,
666 1667 806 1742 uterque
830 1656 1062 1741 conjunctivus
1086 1658 1236 1741 usurpari
1261 1665 1381 1742 potest.
1427 1657 1552 1740 Restat,
1576 1670 1613 1723 ut
1634 1682 1734 1724 unum
1759 1661 1950 1746 exemplum

263 1797 529 1856 commemorem,
541 1776 575 1838 in
586 1777 681 1860 cujus
689 1775 814 1860 protasi
825 1774 1073 1859 conjunctivum
1084 1776 1198 1838 aoristi
1210 1774 1349 1859 perfecti
1359 1777 1590 1861 conjunctivus
1601 1780 1738 1864 excipit,
1755 1779 1798 1844 cf.
1810 1778 1888 1860 Vll,
1901 1780 1951 1860 19,

261 1893 318 1959 ubi
341 1884 363 1976 ,vl
385 1896 529 1975 γεγονώς
552 1892 829 1976 significationem
853 1890 954 1955 habet
976 1894 1172 1978 praesentis,
1196 1891 1298 1956 veluti
1321 1892 1481 1958 formulae
1504 1901 1600 1975 γένος
1622 1898 1720 1973 ἔχειν.

417 2011 485 2077 Sed
507 2010 588 2074 nihil
612 2010 681 2074 fere
704 2009 813 2074 adhuc
837 2010 878 2072 de
901 2009 1057 2095 apodosis
1080 2009 1195 2075 formis
1219 2010 1383 2095 diximus3
1411 2012 1583 2078 videamus
1605 2016 1718 2097 igitur,
1744 2015 1824 2101 quid
1848 2016 1888 2079 de
1912 2017 1953 2081 iis

261 2129 470 2197 statuendum
494 2132 548 2194 sit.
588 2129 692 2210 Quasi
711 2139 963 2214 praetereuntes
983 2131 1313 2194 commemoravimus
1332 2130 1366 2192 in
1382 2130 1544 2215 ejusmodi
1564 2132 1712 2217 periodis
1728 2133 1953 2220 hypotheticis

263 2248 426 2336 apodosin
456 2247 545 2312 haud
568 2271 643 2313 raro
666 2246 828 2334 praebere
850 2247 1007 2327 futurum,
1041 2268 1126 2331 quae
1150 2248 1311 2311 enuntiati
1334 2247 1441 2313 forma
1462 2250 1513 2314 sui
1538 2259 1589 2314 est
1603 2251 1710 2335 juris,
1742 2252 1771 2316 si
1796 2253 1951 2323 condicio

263 2378 297 2432 et
317 2369 510 2432 consecutio
534 2365 577 2431 ad
600 2388 673 2430 eam
696 2388 792 2430 unam
813 2388 882 2429 rem
906 2387 992 2450 quae
1011 2366 1132 2449 agitur,
1155 2388 1221 2430 non
1244 2365 1287 2430 ad
1303 2389 1416 2432 omnes
1434 2366 1581 2453 ejusdem
1601 2372 1734 2453 generis
1749 2370 1950 2454 referuntur,

263 2487 307 2551 cf.
331 2485 376 2567 11,
398 2486 447 2548 12.
468 2486 520 2550 33.
553 2484 617 2567 111,
633 2485 684 2548 77.
715 2484 774 2566 IV,
790 2484 840 2549 25.
859 2485 912 2549 30.
942 2484 1002 2566 VI,
1021 2487 1059 2549 61
1080 2483 1144 2549 bis.
1168 2485 1255 2567 X,8.
1279 2487 1329 2550 11.
1373 2485 1427 2549 Ad
1460 2487 1603 2552 futurum
1636 2490 1787 2574 proxime
1819 2489 1952 2555 accedit

263 2606 490 2691 imperativus.
537 2604 590 2668 De
620 2604 845 2690 discrepantia
871 2605 1056 2690 praesentis
1079 2613 1114 2668 et
1136 2605 1250 2669 aoristi
1274 2606 1462 2690 imperativi
1485 2607 1549 2690 jam
1573 2629 1675 2693 supra
1698 2607 1952 2695 disputavimus,

264 2724 327 2790 hoc
358 2723 433 2789 loco
463 2722 498 2787 id
521 2732 632 2787 tamen
654 2722 778 2787 addere
800 2721 918 2804 velim,
951 2724 986 2786 in
1008 2714 1148 2808 utroque
1171 2721 1344 2809 exemplo,
1367 2721 1425 2787 uhi
1449 2727 1635 2810 praesentis
1662 2727 1878 2811 imperativus
1901 2749 1955 2793 oc·

264 2844 378 2925 currit,
403 2864 477 2906 eum
500 2864 521 2906 a
542 2840 645 2906 verbo
667 2844 807 2906 κελεύειν
830 2863 903 2907 esse
932 2841 1119 2905 formatum.
1156 2840 1200 2905 cf.
1224 2841 1268 2922 X,
1284 2842 1338 2905 14:
1367 2841 1426 2905 ἐὰν
1449 2841 1551 2925 δ’ἄρα
1573 2845 1722 2926 τολμῶσι
1744 2848 1823 2927 περὶ
1845 2843 1955 2909 αὐτοῖν

262 2965 377 3044 λέγειν,
400 2966 505 3044 νόμον
526 2964 670 3026 κελεύετε
692 2958 811 3040 δεῖξαι,
832 2964 915 3024 καθ’
938 2954 977 3025 ὃν
998 2961 1170 3041 γεγένηται
1191 2959 1211 3043 ἡ
1233 2959 1425 3040 εἰσποίησις
1447 2965 1674 3044 Ἀριστάρχῳ,
1695 2967 1751 3028 καὶ
1773 2966 1825 3039 τίς
1848 2963 1869 3027 d
1891 2962 1958 3039 εἰς·

266 3081 411 3161 ποιησας
435 3091 468 3145 et
491 3081 534 3160 Χ,
547 3080 600 3144 23.
645 3078 771 3144 Aoristi
794 3079 1009 3165 imperativus
1032 3078 1094 3159 XI,
1107 3078 1161 3142 33.
1184 3079 1227 3143 34
1245 3079 1419 3164 reperitur.
1465 3079 1569 3145 hlulto
1589 3092 1698 3146 autem
1716 3083 1849 3168 saepius
1867 3081 1956 3169 apud

266 3199 397 3265 Isaeum
428 3200 614 3285 praesentis
637 3197 839 3263 indicativus
862 3220 961 3283 quam
984 3197 1129 3262 futurum
1153 3205 1187 3260 et
1207 3198 1424 3282 imperativus
1446 3199 1481 3261 in
1504 3198 1643 3285 apodosi
1667 3209 1790 3282 exstat,
1821 3223 1888 3287 qua
1910 3199 1958 3265 di·

267 3319 365 3386 cendi
397 3318 505 3384 forma
527 3316 649 3382 Graeci
681 3318 888 3404 potissimum
918 3316 1112 3397 utebantur,
1146 3316 1174 3380 si
1199 3316 1341 3401 exprimi
1364 3315 1537 3398 volebant,
1569 3320 1699 3403 quoties
1721 3319 1877 3385 condicio
1900 3321 1959 3383 im-

267 3439 429 3527 pleretur,
462 3438 560 3502 toties
590 3435 747 3523 apodosis
777 3437 943 3501 actionem
973 3434 1017 3499 ad
1038 3436 1139 3499 finem
1162 3433 1315 3520 perduci,
1349 3457 1446 3520 quam
1470 3434 1513 3500 ob
1537 3458 1606 3499 rem
1630 3436 1704 3501 talis
1727 3438 1832 3503 lorma
1855 3437 1959 3524 hypo·

265 3560 390 3625 thetica
411 3558 503 3622 iniis
525 3557 717 3635 enuntiatis,
740 3577 827 3641 quae
851 3576 869 3618 e
891 3552 1021 3638 legibus
1044 3563 1177 3640 sumpta
1198 3563 1286 3633 sunt,
1312 3552 1422 3618 locum
1444 3551 1555 3634 habet,
1588 3553 1782 3636 cantet:
1802 3553 1959 3638 οὔτεγὰρ

266 3680 432 3761 ἐπιτίμιον
454 3683 530 3752 ταῖς
553 3679 640 3757 πρὸς
662 3678 721 3739 τὸν
744 3672 891 3758 ἄρχοντα
913 3673 1134 3754 εἰσαγγελίαις
1157 3670 1302 3753 ἔπεστιν,
1324 3671 1397 3735 οὐδ’
1417 3671 1476 3734 ἐὰν
1498 3670 1666 3754 μηδεμίαν
1688 3675 1755 3737 τῶν
1778 3675 1905 3760 ψήφων
1924 3675 1960 3738 οἱ

268 3799 533 3878 εἰσαγγείλαντες
562 3795 814 3876 μεταλάβωσιν,
844 3790 919 3857 οὔτε
948 3795 1131 3875 πρυτανεῖα
1153 3788 1229 3856 οὔτε
1250 3793 1466 3873 παράστασις
1489 3788 1629 3873 οὐδεμία
1652 3796 1787 3856 τίθεται
1808 3794 1873 3855 triv
1896 3792 1959 3868 εἰς·

267 3918 445 3999 αγγελιαῖν,
477 3915 540 3996 ΙΙΙ,
562 3913 616 3978 35.
639 3915 692 3977 64.
716 3915 768 3978 68.
804 3912 863 3994 IV,
895 3913 1015 3976 14.16.
1053 3910 1112 3993 VI,
1128 3912 1181 3974 44.
1219 3908 1297 3990 VII,
1328 3910 1439 3974 1619
1470 3920 1503 3973 et
1531 3913 1714 3997 praesentis
1747 3912 1960 3998 conjunctivo

269 4033 488 4101 antecedente
512 4033 556 4114 ll,
575 4033 623 4097 13.
648 4031 712 4114 ΙΙΙ,
726 4034 779 4099 42.
803 4031 903 4113 Χ1,2
924 4029 988 4095 bis.
1033 4031 1063 4094 E
1090 4030 1275 4116 praesentis
1294 4027 1538 4113 significatione
1561 4052 1659 4115 quam
1683 4032 1717 4093 in
1740 4030 1803 4095 hac
1821 4029 1959 4117 periodo

271 4153 486 4242 hypothetica
500 4155 610 4217 inesse
626 4151 782 4232 diximus,
796 4151 895 4216 etiam
909 4147 1056 4232 intellegi
1073 4157 1193 4234 potest,
1216 4148 1274 4233 qui
1289 4148 1412 4212 lactum
1428 4148 1481 4229 sit,
1504 4156 1540 4210 ut
1552 4147 1681 4226 v11,30
1697 4159 1730 4213 et
1747 4148 1895 4232 vlnus
1908 4147 1961 4214 bis

270 4296 430 4363 praesens
466 4270 679 4360 praebeatur.
742 4271 787 4335 At
821 4291 930 4356 pauca
963 4267 1117 4353 exempla
1146 4269 1193 4331 ita
1224 4274 1301 4331 sunt
1331 4265 1488 4347 formata,
1519 4277 1557 4330 ut
1587 4267 1769 4332 secundum
1803 4290 1844 4332 ea
1874 4289 1961 4354 quae

270 4393 370 4461 modo
393 4391 435 4457 de
458 4391 596 4478 hujusce
619 4390 708 4457 modi
731 4389 861 4476 periodi
885 4411 947 4454 usu
969 4386 1114 4451 diximus
1137 4409 1198 4472 pro
1221 4395 1397 4471 praesente
1420 4385 1565 4450 futurum
1589 4397 1817 4471 exspectetur,
1851 4395 1961 4451 tamen

272 4537 332 4579 cur
353 4512 464 4577 futuro
483 4533 641 4598 praesens
659 4511 703 4575 sit
720 4508 914 4596 praelatum,
934 4507 1033 4572 facile
1056 4516 1288 4592 cognoscatur,
1317 4503 1362 4568 cf.
1378 4503 1506 4585 111‚66:
1527 4505 1586 4568 ε’ὰν
1605 4496 1665 4570 οὖν
1683 4505 1963 4592 προφασίζωνται

271 4635 327 4697 διὰ
350 4633 410 4712 τὴν
433 4635 494 4694 τοῦ
518 4631 652 4708 'Eudios
675 4632 809 4709 ποίησιν
833 4628 878 4709 μὴ
898 4625 1054 4691 ἐπίδικοι·
1077 4618 1243 4705 εἶναιτὴν
1265 4628 1401 4706 γυναῖκα
1423 4628 1476 4688 καὶ
1501 4626 1558 4688 διὰ
1580 4627 1684 4688 ταῦτα
1706 4624 1751 4705 μη
1774 4627 1883 4708 φῶσιν
1900 4622 1963 4705 ἀμ-

272 4753 482 4838 φισβητῆσαι
505 4750 618 4829 αὐτῆς,
641 4752 778 4831 πρῶτον
799 4750 860 4831 μὲν
883 4746 988 4810 ἐκεῖνα
1011 4745 1131 4822 αὐτοὺς
1154 4746 1297 4829 ἐρέσθαι
1319 4744 1395 4829 χρη,
1417 4742 1448 4808 εἰ
1470 4742 1713 4824 ὁμολογοῦντες
1736 4742 1794 4823 τὴν
1811 4744 1871 4804 τοῦ
1890 4744 1963 4805 Ἐν-

273 4863 349 4927 ‹l't'ov
379 4865 515 4944 ποίησιν·
544 4867 609 4930 ὑπὸ
639 4869 700 4929 τοῦ
727 4869 861 4950 Πύρρου
893 4866 1053 4947 γενέσθαι
1080 4863 1329 4945 ἐπεσκημμένον
1353 4862 1420 4927 εἰσὶ
1448 4867 1523 4936 τοῖς
1550 4862 1822 4945 μεμαρτυρηκόσι
1850 4858 1961 4920 ταῦτα.
