4284 5572
251 374 300 443 30

251 572 345 639 multi
368 576 432 639 viri
456 573 558 658 docti,
583 598 722 660 quorum
748 577 929 641 sententias
953 576 1189 655 Gentschius*)
1210 588 1365 643 accurate
1388 576 1537 661 contulit,
1562 601 1643 667 quas
1666 579 1692 645 si
1715 579 1790 666 quis
1807 578 1939 665 legerit,

249 692 440 760 subtiliores
471 718 544 760 esse
575 696 755 781 intelleget.
806 697 881 760 Mea
912 696 1045 783 quidem
1076 700 1239 762 sententia
1270 697 1460 777 Curtius**)
1495 698 1692 781 discrimen,
1733 699 1822 786 quod
1853 701 1943 764 inter

250 822 423 900 utramque
458 814 628 879 formulam
661 810 854 895 intercedit,
885 817 1128 902 simplicissime
1151 818 1198 881 ita
1220 820 1344 898 statuit,
1369 829 1404 882 ut
1426 817 1563 883 doceat:
1592 822 1621 895 l)
1644 817 1675 883 εἰ
1697 823 1756 882 καί
1776 819 1847 895 (ἐὰν
1869 822 1939 889 καί)

250 954 346 996 wenn
375 932 479 1015 auch,
510 933 683 1017 obgieieh,
712 933 909 999 bezeichnet
938 938 1012 999 eine
1042 936 1193 999 einfache
1217 937 1462 1021 Einraumung3
1493 939 1526 1007 2)
1552 941 1609 1002 καὶ
1631 938 1661 1002 εἰ
1684 943 1751 1009 (καὶ
1772 938 1842 1019 ἐάν,
1863 936 1941 1015 κᾶν)

251 1050 335 1114 auch
359 1074 465 1129 wenn,
490 1052 593 1117 selbst
616 1076 722 1133 wenn,
748 1054 945 1119 bezeichnct
965 1055 1026 1117 wie
1050 1057 1177 1120 etiamsi
1199 1057 1251 1119 ein
1272 1058 1492 1140 gesteigertes
1510 1056 1772 1140 anestitndnis3
1796 1070 1829 1121 et
1853 1080 1937 1121 ann:

251 1170 321 1234 Der
353 1171 574 1236 Unterschied
606 1173 769 1237 zwischcn
801 1173 831 1237 εἰ
862 1179 920 1237 καί
945 1174 1012 1237 und
1043 1180 1099 1239 καὶ
1128 1174 1159 1239 εἰ
1186 1174 1318 1240 besteht
1348 1176 1527 1260 eigentlich
1557 1199 1620 1240 nur
1643 1175 1753 1258 darin,
1785 1175 1861 1241 dass
1884 1175 1941 1239 bei

245 1290 359 1375 jenem
380 1290 439 1354 der
457 1291 669 1372 Vordcrsatz,
690 1291 744 1356 bei
767 1291 891 1357 diesem
912 1293 970 1356 der
984 1293 1149 1357 Nachsatz
1167 1296 1221 1358 ein
1238 1294 1444 1379 steigerndcs
1461 1294 1563 1358 auch
1581 1294 1716 1359 enthslt.
1750 1296 1835 1359 Fere
1850 1293 1939 1365 idem

251 1409 459 1484 Petrius***)
482 1409 613 1473 videtur
635 1410 780 1476 voluisse
804 1411 929 1476 docens
953 1410 983 1475 εἰ
1005 1414 1061 1474 καί
1083 1411 1242 1476 formulae
1266 1436 1424 1478 summam
1448 1415 1481 1477 in
1506 1436 1545 1478 eo
1569 1435 1641 1477 esse
1664 1415 1824 1500 positam,
1849 1412 1941 1498 quod

252 1528 415 1612 particula
437 1531 492 1591 κοί
515 1532 586 1614 ejus
610 1528 704 1593 verbi
727 1531 793 1592 vim
817 1540 966 1614 angeret,
991 1531 1084 1615 cujus
1108 1533 1198 1596 notio
1222 1532 1378 1618 apodosis
1401 1534 1524 1596 actioni
1549 1534 1715 1596 contraria
1737 1542 1835 1609 esset,
1864 1554 1940 1596 eum

251 1650 307 1710 καὶ
329 1646 360 1709 εἰ
381 1660 596 1733 usurparetur
615 1648 656 1713 de
679 1671 715 1711 re
738 1672 836 1733 quam
855 1649 926 1712 fieri
946 1648 1167 1713 indicaremus
1188 1652 1286 1713 ctiam
1304 1660 1384 1733 tum,
1402 1653 1429 1715 si
1446 1652 1588 1737 protasis
1606 1650 1760 1715 condicio
1779 1659 1868 1715 esset
1882 1652 1943 1714 im·

251 1765 351 1850 pieta.
398 1767 577 1854 Utriusque
601 1770 734 1853 generis
758 1768 912 1854 exempla
934 1767 1022 1853 apud
1047 1768 1175 1832 Isaeum
1196 1770 1417 1854 reperiuntur.
1455 1770 1579 1833 Prioris
1599 1769 1732 1849 generis
1751 1768 1941 1854 exemplum

251 1885 391 1948 sumitur
418 1907 461 1948 ex
492 1885 640 1968 vlt,32,
674 1886 730 1950 ubi
762 1888 845 1951 haec
875 1888 1000 1972 scripta
1029 1900 1120 1951 sunt:
1153 1887 1184 1951 εἰ
1212 1891 1268 1950 καὶ
1296 1889 1395 1972 φίλος
1429 1878 1468 1968 ἧν
1498 1891 1518 1949 i.
1543 1910 1572 1953 e.
1604 1908 1701 1949 wenn
1723 1908 1759 1949 er
1781 1886 1866 1949 auch
1890 1885 1942 1950 ihr

252 2001 386 2065 Freund
415 2026 570 2088 gewesen
600 2015 705 2087 witra,
739 2006 781 2070 ef.
806 2006 951 2087 v11,36.
982 2007 1041 2085 IX,
1056 2006 1107 2069 27.
1128 2006 1180 2069 31.
1206 2005 1268 2086 XI,
1284 2007 1336 2069 23.
1384 2005 1582 2090 Hujusmodi
1616 2005 1795 2068 enuntiatis
1817 2005 1862 2085 μὴ
1885 2027 1941 2069 ne·

249 2122 417 2205 gationem
440 2122 541 2207 adjici
566 2135 824 2188 consentaneum
847 2135 907 2205 est,
932 2125 975 2188 cf.
1002 2125 1041 2206 V,
1059 2125 1117 2188 31:
1143 2124 1173 2187 εἰ
1196 2129 1249 2187 καὶ
1274 2125 1318 2205 μὴ
1342 2126 1484 2204 πολίτης
1508 2115 1558 2204 ἣν,
1583 2124 1605 2187 ἰ.
1629 2145 1659 2188 e.
1683 2144 1778 2186 wenn
1802 2145 1838 2186 er
1855 2122 1941 2186 auch

251 2239 330 2303 kein
352 2240 483 2325 Biirger
504 2252 605 2307 witre.
646 2242 820 2307 Formulae
844 2247 899 2307 καὶ
918 2245 949 2307 εἰ
978 2243 1101 2306 nullum
1126 2242 1312 2326 exemplum
1337 2244 1482 2328 repperi,
1506 2264 1580 2305 narn
1605 2243 1638 2304 in
1661 2240 1809 2322 Vltro:
1832 2247 1889 2305 καὶ
1911 2240 1946 2305 εἴ

251 2379 301 2430 τις
324 2358 387 2435 ἔξω
410 2363 530 2439 ταύτης
553 2365 611 2441 τῆς
635 2366 825 2441 συγγενείας
848 2361 936 2425 ἐστίν
959 2361 1078 2425 vocula
1100 2365 1156 2425 καὶ
1179 2383 1244 2425 οοο
1267 2359 1367 2423 habet
1389 2364 1454 2423 vim
1478 2359 1694 2443 gradationis,
1715 2359 1773 2424 sed
1798 2360 1943 2441 ἀνεψιοῦ

252 2475 294 2538 όέ
316 2475 420 2541 verba
442 2501 515 2542 cum
539 2481 580 2543 iis
604 2503 688 2565 quae
713 2491 895 2565 sequuntur
917 2481 1100 2565 conjungit,
1126 2479 1169 2541 cf.
1194 2480 1237 2557 X,
1256 2480 1309 2542 35.
1348 2479 1461 2542 Pauca
1482 2490 1591 2542 antem
1616 2477 1769 2563 exempla
1791 2475 1854 2540 κᾶν
1875 2477 1937 2542 for

252 2595 359 2660 mulae
384 2610 570 2676 occurrunt,
596 2599 639 2663 cs.
664 2598 757 2675 VIII,
775 2600 830 2662 44:
855 2596 916 2661 κᾶν
934 2602 991 2661 νῦν
1014 2600 1212 2680 νικήσωμεν,
1237 2597 1525 2679 v1,52.v11‚30‚
1550 2619 1623 2659 culn
1648 2596 1774 2677 V11,4.
1798 2597 1836 2659 19
1852 2596 1941 2659 etro

252 2717 318 2778 vim
351 2716 573 2802 copulatIvam
606 2731 662 2781 aut
689 2717 920 2804 disjunctivam
951 2716 1105 2780 habeant.
1152 2718 1187 2782 si
1218 2716 1299 2780 haec
1328 2718 1499 2780 enuntiata
1521 2717 1676 2800 negative
1700 2716 1940 2800 exprimuntur,

252 2834 409 2900 formulas
431 2836 504 2900 οὐδ’
526 2838 626 2918 (μηδ’)
649 2837 679 2901 εἰ
702 2848 734 2900 et
757 2836 813 2901 ἐάν
836 2838 1004 2916 invenies,
1028 2836 1071 2900 cf.
1097 2836 1159 2917 III,
1177 2837 1234 2900 47:
1257 2833 1321 2898 οὐδ
1337 2837 1396 2898 ἐὰν
1415 2836 1577 2917 μηδεμίαν
1596 2838 1663 2898 τοῖν
1684 2835 1806 2919 ψήφων
1825 2834 1862 2897 οἱ
1879 2834 1941 2908 εἰς·

252 2957 460 3036 ογγείλαννες
490 2958 739 3036 μετολάβωοιν,
769 2956 812 3017 cf.
837 2955 879 3031 V,
895 2957 945 3019 30.
970 2955 1026 3035 VI,
1038 2957 1092 3018 44.
1116 2954 1193 3036 VII,
1208 2956 1260 3017 29.
1285 2954 1329 3035 X,
1350 2955 1397 3017 10.
1421 2957 1470 3017 ll.
1495 2955 1555 3035 XI,
1567 2955 1619 3017 29.
1672 2952 1808 3039 Optimo
1832 2962 1940 3015 autem

246 3073 324 3157 jure
349 3071 499 3137 Curtium
524 3073 645 3139 docere
669 3073 756 3137 haud
780 3097 854 3137 raro
879 3072 1110 3155 differentiani,
1143 3095 1228 3159 qnae
1252 3073 1338 3136 inter
1361 3084 1532 3158 utramque
1555 3072 1728 3138 formulam
1752 3069 1941 3150 intercedit,

253 3191 349 3255 valde
374 3214 446 3256 esse
468 3195 636 3277 exiguam,
661 3192 823 3278 exemplo.
834 3191 1080 3278 consprobatur,
1106 3191 1195 3276 quod
1213 3191 1255 3271 V,
1272 3194 1313 3255 25
1331 3193 1510 3275 reperitur:
1530 3181 1625 3256 οὗτοι
1643 3193 1691 3273 de',
1710 3188 1733 3253 ἃ
1751 3194 1812 3273 μὲν
1831 3188 1943 3264 οὐτοΐς

253 3318 417 3393 συμφέρει
440 3315 506 3373 τοῖν
529 3313 807 3394 ὁμολογηθέντων
837 3316 911 3375 τότε
936 3315 1031 3391 κὺριά
1054 3333 1159 3395 φασιν
1181 3302 1278 3390 εἶναι,
1302 3311 1331 3372 εἰ
1354 3314 1407 3373 καὶ
1431 3320 1476 3391 μὴ
1499 3314 1697 3391 γέγραπται,
1727 3307 1844 3372 ἃδόὐ
1861 3331 1942 3386 συμ-

254 3432 367 3515 φέρει,
402 3431 441 3493 οῠ
463 3435 576 3514 κύρια,
608 3433 638 3497 εἰ
660 3434 705 3514 μὶ)
727 3439 925 3514 γέγραπται.
970 3429 1087 3492 Nonne
1116 3428 1178 3492 hoc
1206 3428 1280 3493 loco
1309 3431 1421 3514 potius
1452 3434 1507 3492 καὶ
1530 3430 1560 3492 εἰ
1590 3452 1649 3515 pro
1673 3430 1703 3492 εἰ
1725 3432 1781 3491 καί
1803 3426 1943 3491 formula

254 3550 456 3636 exspectas?

408 3669 590 3756 Hucusque
615 3669 656 3733 ad
681 3692 721 3733 ea
739 3679 864 3734 tantum
885 3668 1054 3732 enuntiata
1073 3664 1318 3730 condicionalis
1337 3667 1482 3729 animum
1501 3664 1638 3746 attendi,
1663 3686 1802 3749 quornm
1822 3674 1943 3727 utrum·

255 3809 319 3872 que
343 3788 525 3853 membrum
549 3791 714 3873 integrum
739 3801 820 3852 crat.
852 3790 935 3853 Sunt
958 3798 1066 3850 autem
1090 3785 1192 3849 muita
1214 3783 1379 3870 exempla,
1404 3787 1437 3848 in
1458 3784 1578 3869 quibus
1595 3783 1732 3847 alterum
1757 3780 1940 3845 membrum

256 3905 482 3986 desideratur,
514 3910 584 3972 sive
617 3908 706 3994 quod
740 3910 882 3995 protasis
916 3906 1010 3970 deest
1041 3917 1074 3968 ct
1097 3927 1140 3967 ex
1164 3905 1204 3967 iis
1229 3926 1314 3988 quae
1338 3902 1539 3967 antecedunt
1561 3900 1747 3987 supplenda
1770 3911 1839 3981 est,
1873 3901 1942 3964 sive

256 4025 344 4111 quod
375 4028 517 4112 protasis
541 4050 606 4090 una
628 4028 680 4091 vel
704 4028 807 4092 altera
829 4026 985 4112 apodesis
1009 4048 1091 4087 vnce
1115 4024 1315 4104 continetur,
1349 4024 1419 4086 sive
1444 4021 1533 4109 quod
1557 4019 1713 4107 apodosis
1737 4020 1859 4083 omissa
1881 4028 1941 4083 est.

256 4143 372 4230 Itaque
400 4144 459 4210 has
489 4145 646 4232 periodos
673 4145 904 4232 hypotheticas
928 4144 1044 4230 paucis
1068 4165 1263 4228 percurrere
1287 4143 1398 4226 operis
1423 4142 1564 4228 pretium
1588 4142 1660 4204 crit.
1714 4138 1876 4224 Incipiam
1901 4136 1942 4201 ab

255 4263 296 4328 iis
319 4266 514 4345 enuntiatis,
547 4287 685 4350 quorum
719 4266 859 4350 protasis
894 4264 1018 4344 exiis,
1049 4284 1133 4347 quae
1157 4259 1376 4341 antecedunt,
1408 4260 1595 4347 supplenda
1617 4270 1678 4323 est.
1725 4258 1813 4324 Satis
1836 4266 1943 4320 autem

254 4378 362 4447 habeo
394 4383 434 4447 de
458 4384 608 4470 plurimis
633 4384 697 4448 duo
721 4384 839 4448 afferre
863 4381 1025 4467 exempla.
1062 4380 1194 4460 ittet,
1224 4379 1307 4443 hacc
1333 4389 1424 4445 sunt:
1449 4382 1488 4443 οἰ·
1511 4381 1575 4461 γὰρ
1598 4378 1639 4441 cir·
1662 4378 1865 4459 ὑπερβάντες
1888 4379 1945 4438 τὸν

253 4504 439 4566 τελευταῖον
458 4507 519 4567 τοῦ
536 4502 630 4566 οἶκον
649 4512 864 4584 γεγενημένοι·
882 4504 1089 4581 κληρονόμοι·
1108 4500 1191 4579 ὑπὲρ
1210 4501 1267 4577 τῆς
1287 4503 1441 4578 γυναικὸς
1459 4501 1520 4561 τοῦ
1541 4502 1676 4579 Πύρρου
1695 4497 1816 4577 κλνζροο
1836 4496 1946 4570 λαχεῖν

409 4708 433 4771 *)
451 4711 467 4759 I.
488 4727 509 4759 e.
532 4726 556 4773 p.
575 4708 623 4759 241
644 4728 683 4774 sip.

408 4794 448 4855 “I
467 4796 573 4847 (triech.
593 4794 841 4857 Seirngrarnmatik.
881 4794 982 4853 I'rsgae
1003 4788 1076 4837 1⁸75.
1112 4788 1205 4854 §62st
1229 4789 1250 4837 l.
1268 4790 1285 4837 ‘2
1303 4800 1330 4838 et
1350 4808 1412 4839 sitin.

409 4880 464 4943 ***)
482 4882 499 4931 l.
518 4897 541 4931 c.
560 4896 619 4945 pag.
641 4879 684 4929 10.
