4284 5572
230 414 276 484 14

223 619 292 703 φής
314 617 364 700 τῷ
385 613 534 699 ήμετέρῳ
557 616 643 697 θείῳ
666 616 951 699 καταλειφθήναις
975 612 1097 680 Orator
1119 611 1232 678 dicere
1254 613 1343 679 vult:
1371 613 1456 680 Oum
1480 651 1518 662 -
1542 625 1579 681 ut
1601 613 1686 680 dieis
1708 649 1750 661 -
1773 637 1921 681 sororem

224 746 313 801 tuam
336 733 462 821 Pyrrho
496 737 530 799 in
559 735 803 799 matrimonium
837 732 986 800 dedisses
1017 744 1051 797 et
1072 733 1172 798 filiam
1197 733 1379 819 legitimam
1403 758 1445 800 ex
1468 758 1508 801 ea
1530 737 1677 821 genitam
1709 757 1781 800 esse
1805 737 1920 819 scires,

225 879 285 921 cur
316 856 388 920 fieri
421 878 538 942 passus
561 878 615 937 es,
652 863 689 917 ut
717 852 883 918 hereditas
915 855 986 917 sine
1016 852 1084 916 filia
1113 852 1261 939 legitima
1297 854 1389 918 fratri
1420 864 1531 920 nestro
1569 853 1818 941 adjudicaretur
1849 905 1856 919 .
1883 857 1922 922 ,θ

225 976 267 1040 cf.
292 975 356 1057 ΙΙΙ,
370 977 411 1039 72
434 985 467 1039 et
489 975 595 1056 v,21.
627 973 733 1037 Aliter
755 972 998 1057 intellegendus
1021 983 1072 1037 est
1093 972 1198 1056 locus,
1223 974 1279 1061 qui
1304 974 1381 1056 1‚25
1404 975 1450 1038 ita
1473 976 1617 1061 scriptus
1640 984 1708 1039 est:
1735 977 1784 1039 ἔτι
1806 977 1843 1041 δὲ
1865 980 1922 1041 καὶ

223 1095 257 1160 εἴ
282 1119 315 1160 τι
343 1097 567 1178 προσγράψαι
597 1095 731 1169 τούτοις
764 1094 941 1174 ἐβούλετο,
979 1091 1037 1156 διὰ
1068 1097 1101 1155 τί
1132 1092 1189 1156 οὐκ
1221 1094 1254 1157 ἐν
1287 1093 1389 1176 ἑτέρῳ
1422 1097 1558 1176 γράψας
1589 1095 1673 1158 αὐτὰ
1705 1099 1922 1179 γραμματείῳ

222 1217 413 1293 κατέλιπεν,
441 1211 560 1294 ἐπειδή
590 1215 631 1276 τὰ
661 1216 840 1296 γράμματα
869 1217 961 1294 παρὰ
989 1215 1054 1275 τῶν
1084 1213 1261 1293 ἀρχόντων
1292 1213 1351 1276 οὐκ
1372 1213 1520 1294 ἐδυνήθη
1543 1216 1657 1294 λαβεῖν
1665 1244 1675 1291 ,·
1698 1215 1824 1279 ἀνελεῖν
1847 1218 1920 1297 γάρ,

222 1325 250 1396 el
274 1332 404 1418 άνδρες,
427 1333 488 1410 οὐχ
512 1323 588 1408 οἶός
610 1322 681 1414 τήν
704 1328 786 1394 ἄλλο
810 1337 1041 1413 γραμματεῖον
1065 1331 1084 1411 ἢ
1105 1334 1145 1395 τὸ
1169 1334 1262 1415 παρὰ
1284 1336 1327 1413 τῇ
1349 1332 1437 1413 ἀρχή
1459 1335 1629 1414 κείμενον·
1660 1336 1790 1414 γράψαι
1812 1332 1922 1414 δ’ὲξήν

223 1452 271 1529 εἰς
298 1453 411 1533 ἕτερον
434 1451 468 1517 εἴ
487 1475 519 1516 τι
539 1453 710 1534 ἐβούλετο,
733 1455 788 1515 καί.
811 1449 896 1534 μηδὲ
919 1453 1020 1514 τοῦθ’
1043 1450 1120 1533 ήμῖν
1144 1451 1444 1536 ἀμφισβητήσιμον
1465 1452 1534 1514 ἐάν.
1580 1453 1727 1517 Protasis
1757 1454 1922 1518 sententia

224 1569 278 1635 hic
314 1571 356 1635 ad
394 1572 461 1635 vim
501 1573 728 1637 concessivam
761 1593 866 1657 prope
902 1568 1043 1633 accedit.
1098 1569 1297 1635 Germanice
1329 1573 1416 1636 enim
1446 1569 1551 1636 verba
1579 1574 1625 1636 ita
1653 1574 1738 1636 verti
1768 1583 1921 1659 possunt:

224 1690 447 1777 Zugegeben,
488 1714 524 1756 er
557 1690 665 1756 wollte
697 1690 848 1755 wirklich
879 1689 965 1754 noch
996 1700 1096 1753 etwas
1125 1688 1327 1775 hinzustigen
1359 1741 1367 1756 .
1393 1741 1401 1756 .
1428 1741 1461 1774 .,
1500 1694 1556 1778 qui
1584 1692 1763 1758 verborum
1789 1716 1918 1775 sensus,

223 1809 334 1876 verbis
370 1834 455 1898 quae
494 1821 694 1898 sequuntur:
731 1811 761 1874 εί
796 1816 906 1874 τοίνυν
941 1815 997 1874 καί
1026 1802 1129 1873 τουτο
1158 1812 1451 1893 συγχωρήσαιμεν,
1479 1812 1525 1887 ὡς
1553 1812 1677 1888 ἐκεῖνος
1701 1813 1922 1896 ἐπανορθῶσι

223 1933 283 2008 τὰς
306 1929 477 2013 διαθήκας
500 1929 655 2012 ἐβούλετο
687 1926 933 2016 comprobatur.
978 1928 1156 1992 Praeterea
1177 1927 1378 1994 monendum
1403 1940 1453 1995 est
1476 1940 1638 1996 oratorem
1663 1930 1823 1996 hocloco
1847 1953 1921 2017 pro·

223 2052 310 2116 tasin
332 2051 471 2135 fingere,
496 2072 696 2136 quamquam
719 2048 753 2112 id
777 2047 867 2135 quod
890 2049 991 2112 sumit
1013 2070 1092 2113 vero
1118 2070 1229 2112 rerum
1250 2049 1348 2114 statui
1367 2073 1433 2114 non
1453 2049 1655 2137 respondere
1675 2051 1705 2114 ei
1725 2073 1921 2136 persuasum

225 2179 292 2253 est,
331 2192 407 2233 nam
445 2180 557 2235 orator
593 2168 691 2256 plane
723 2191 789 2234 non
823 2166 970 2250 dubitat,
1011 2168 1091 2253 quin
1122 2167 1324 2252 Cleonymus
1355 2179 1552 2236 testamento
1585 2171 1765 2257 quicquam
1798 2169 1922 2235 addere

223 2288 377 2355 noluerit

378 2410 417 2474 lu
448 2410 687 2497 exemplorum,
720 2407 762 2473 de
793 2406 915 2495 quibus
946 2405 1043 2472 modo
1074 2405 1158 2489 dixi,
1189 2417 1223 2472 et
1251 2410 1377 2494 protasi
1407 2419 1440 2472 et
1471 2409 1611 2496 apodesi
1634 2410 1865 2497 imperfectum
1890 2421 1924 2476 et

224 2530 367 2594 aoristus
390 2531 612 2616 reperiuntur,
638 2529 727 2616 quod
752 2531 925 2614 utriusque
949 2525 1087 2591 membri
1112 2529 1199 2593 aetio
1223 2527 1265 2592 ad
1289 2531 1504 2615 praeteritum
1528 2541 1659 2617 tempus
1682 2530 1833 2596 refertur.
1886 2531 1923 2596 Si

223 2659 334 2714 autem
363 2648 520 2736 apodosis
549 2648 591 2714 ad
621 2659 751 2736 tempus
781 2670 940 2735 praesens
969 2651 1125 2735 pertinet,
1155 2650 1190 2713 in
1221 2671 1261 2713 ea
1283 2671 1441 2736 praesens
1465 2649 1663 2715 collecatum
1688 2674 1761 2716 esse
1785 2673 1923 2716 consen·

222 2777 356 2833 teneam
387 2780 446 2835 est.
502 2769 611 2855 Hujus
639 2769 772 2854 generis
801 2767 964 2854 exemplis
994 2779 1149 2833 accurate
1179 2769 1340 2855 inspectis
1368 2771 1516 2856 protasin
1550 2793 1711 2857 nusquam
1742 2773 1790 2835 ita
1812 2771 1923 2836 fictam

223 2910 314 2971 esse,
344 2899 380 2954 ut
410 2890 482 2975 ejus
505 2890 670 2955 actionem
693 2911 772 2954 vern
795 2911 904 2952 rerum
928 2890 1027 2952 statui
1052 2911 1238 2975 repugnare
1262 2899 1373 2955 orator
1395 2891 1490 2972 sciat,
1522 2912 1774 2975 cognoscemus,
1799 2891 1860 2956 sed
1884 2894 1919 2956 in

225 3010 353 3095 protasi
384 3008 601 3096 plurimorum
635 3008 858 3096 exemplorum
887 3009 918 3073 εί
947 3009 1112 3096 particula
1142 3033 1162 3072 a
1193 3009 1438 3094 significatione
1467 3011 1543 3074 ἐπεί
1572 3021 1605 3075 et
1638 3007 1690 3075 ὅτι
1713 3008 1800 3076 haud
1823 3010 1922 3097 longe

221 3126 360 3192 recedit.
393 3128 437 3193 cf.
460 3129 504 3210 X,
520 3131 573 3193 18:
597 3128 661 3209 ἐγὼ
685 3126 723 3192 δὲ
746 3119 843 3210 οἶμαι
865 3129 984 3210 μὲνού
1007 3126 1139 3192 δίκαιον
1162 3120 1248 3192 εἶναι
1269 3130 1327 3194 διὰ
1349 3131 1450 3194 τοῦτο
1473 3132 1609 3194 ἔλαττον
1631 3134 1730 3213 ἔχειν,
1753 3131 1787 3195 τί
1804 3154 1855 3208 τις
1878 3134 1922 3214 μή

223 3244 370 3329 ἐδυνήθη
392 3247 414 3329 ἢ
434 3250 664 3333 καταμέίησεν,
688 3269 774 3334 quae
796 3244 901 3311 verba
923 3248 1114 3331 germanice
1137 3249 1184 3311 ita
1202 3250 1286 3313 verti
1309 3258 1467 3336 possunt:
1499 3247 1558 3313 Ich
1581 3247 1703 3332 glaube
1733 3273 1801 3314 nun
1824 3274 1921 3333 zvar,

224 3389 260 3431 es
287 3367 365 3432 darf
390 3371 498 3433 einem
532 3367 651 3433 daraus
680 3367 761 3432 kein
790 3365 943 3431 Nachteil
970 3367 1179 3448 erwachsen,
1212 3367 1288 3433 dass
1321 3391 1396 3434 man
1420 3366 1533 3432 frtiher
1555 3367 1648 3433 nicht
1668 3368 1819 3454 gekonnt
1841 3369 1923 3435 oder

223 3485 316 3551 nicht
344 3486 445 3552 daran
475 3486 620 3573 gedacht
647 3486 705 3552 hat
725 3485 898 3564 (ndmlichz
923 3485 977 3551 die
1002 3486 1139 3571 Gegner
1162 3511 1223 3553 vor
1246 3486 1386 3552 Gericht
1407 3509 1449 3551 au
1472 3485 1613 3560 sichen).
1653 3487 1698 3568 ΙΙ,
1716 3489 1756 3551 27
1781 3488 1922 3553 causalis

223 3609 390 3673 sententia
411 3610 446 3674 iu
469 3609 594 3695 protasi
619 3609 726 3692 magis
748 3608 851 3671 inest:
875 3607 964 3672 εἰδὲ
994 3607 1097 3689 μηδὲν
1120 3611 1245 3671 τούτων
1267 3610 1455 3689 κατέλιπεν,
1479 3603 1502 3669 ἃ
1527 3597 1599 3687 δ’ήν
1623 3605 1713 3688 αὐτῷ
1737 3607 1923 3704 ὑπόλοιπα,

220 3727 337 3811 ἐπειδή
359 3730 409 3811 τῷ
430 3727 575 3815 ὀρφανῷ
595 3731 635 3792 τὸ
658 3729 817 3811 ἀργύριον
839 3724 1024 3807 ἀντέδωκεν,
1047 3714 1146 3802 οὗτος
1174 3726 1270 3807 ἔλαβε
1295 3725 1422 3806 ζῶντος
1450 3726 1575 3790 ἐκείνου
1601 3723 1661 3808 ἔτι,
1683 3727 1757 3802 πῶς
1775 3725 1814 3790 οδ
1829 3748 1923 3811 περι-

223 3848 342 3933 ψαναῖς
365 3845 571 3928 ἐξελέγχεται
594 3848 732 3928 άναιδής
755 3843 816 3929 aiv,
840 3855 952 3910 orator
975 3846 1061 3909 enim
1082 3845 1269 3931 exprimere
1287 3844 1374 3910 vult:
1399 3843 1483 3910 Oum
1503 3855 1613 3908 autem
1632 3844 1714 3908 nihil
1733 3844 1922 3931 hujusmodi

222 3966 396 4054 reliquerit
423 4016 431 4031 .
456 4016 464 4032 .
490 4017 497 4031 .
528 3977 562 4032 et
589 3989 630 4032 ea
660 3989 745 4053 quae
776 3967 806 4030 ei
839 3975 1044 4053 supererant,
1076 3963 1286 4030 adversarius
1310 3967 1489 4052 acceperit,
1520 3987 1631 4030 nonne
1655 3962 1743 4029 hunc
1767 3987 1840 4031 esse
1864 3967 1922 4030 im·

220 4085 405 4153 modestum
438 4097 590 4174 apertum
622 4086 695 4152 est?
749 4086 811 4150 His
842 4083 967 4149 similes
997 4094 1073 4149 sunt
1099 4082 1183 4165 loci,
1215 4086 1271 4171 qui
1300 4084 1397 4167 ΜΟ
1427 4094 1460 4149 et
1481 4084 1669 4167 vl11,4.31
1696 4087 1920 4169 reperiuntur.

222 4204 290 4273 Sed
316 4207 481 4272 sinceram
512 4204 776 4271 condicionalem
805 4206 973 4270 notionem
1000 4203 1094 4269 locus
1124 4215 1250 4286 servat,
1284 4205 1341 4291 qui
1369 4205 1396 4285 1,
1417 4205 1455 4269 21
1482 4205 1688 4270 continetur:
1721 4205 1752 4270 εί
1775 4206 1922 4288 μὲνγὰρ

218 4325 346 4390 daedalo
373 4327 434 4402 τὰς
463 4323 634 4406 διαθήκας
656 4327 862 4407 βουλόμενος
886 4325 1114 4406 μετεπέμπετο
1136 4322 1195 4405 τήν
1218 4325 1341 4407 ἀρχήν,
1371 4320 1486 4408 ὥσπερ
1509 4322 1605 4406 ἡμεῖς
1628 4327 1751 4411 φάμεν,
1774 4320 1849 4387 οὐδ’
1872 4314 1923 4400 εἷς

218 4445 325 4510 ἔνεστι
351 4447 481 4522 τούτοις
504 4448 604 4527 λόγος
628 4446 650 4510 i.
675 4467 705 4510 e.
730 4445 757 4510 si
781 4444 1009 4528 magistratum
1033 4442 1262 4526 advocavisti,
1294 4454 1453 4526 nonest,
1484 4465 1544 4508 cur
1566 4445 1805 4531 vituperemus.
1853 4442 1920 4508 Hic

221 4587 346 4631 meram
378 4563 643 4632 condicionalem
678 4565 746 4628 vim
774 4564 901 4645 inesse,
934 4584 978 4626 ex
1007 4563 1048 4627 iis
1078 4585 1163 4649 quae
1192 4573 1377 4649 sequuntur
1405 4565 1638 4648 cognoscitur,
1669 4561 1729 4628 nbi
1758 4561 1870 4628 verbis
1892 4562 1923 4627 el

220 4682 341 4750 δὀίίτω
365 4686 553 4772 παραψραίν
576 4686 688 4762 ἔτυχεν
710 4680 795 4759 άςθ
814 4681 901 4765 ήμᾶς
924 4686 1002 4764 περὶ
1025 4682 1202 4759 ἐλαχίστου
1226 4685 1406 4747 ποιεῖσθαι
1436 4685 1637 4749 contrarium
1660 4681 1792 4770 periodi
1815 4681 1919 4770 hypo·

221 4803 382 4887 theticae,
414 4826 499 4890 quae
528 4802 714 4885 antecedit,
745 4803 945 4868 continetur.
982 4801 1026 4866 cf.
1060 4803 1159 4866 etiam
1188 4802 1216 4883 Ι,
1234 4803 1287 4868 24.
1332 4802 1395 4869 His
1419 4803 1582 4891 exemplis
1605 4826 1706 4868 unum
1729 4802 1839 4869 locum
1863 4801 1918 4867 ad·

217 4924 375 5010 jungam,
406 4925 501 5010 cujus
531 4924 675 5010 protasis
706 4920 840 4987 diversa
868 4930 1037 5010 tempora,
1068 4921 1301 5010 imperfectum
1331 4933 1364 4987 et
1393 4944 1570 5011 praesens,
1599 4920 1749 5010 praebet.
1794 4922 1923 4986 Petitur
