4284 5572
1870 449 1913 515 {ll

223 668 308 733 quac
340 644 444 709 verba
482 645 662 732 uernacula¹
689 644 804 730 lingua
834 646 881 710 ita
912 645 1073 710 vertenda
1105 643 1195 710 seint:
1229 647 1329 709 tlatte
1363 667 1398 710 er
1431 669 1491 710 uns
1525 669 1591 710 nnn
1623 645 1715 710 nicht
1746 646 1794 711 als
1825 649 1917 712 scine

220 764 491 830 Tochtcrkinder
520 764 706 829 betrachtet
727 764 795 828 und
819 765 865 829 als
890 764 943 829 die
968 767 1120 850 einzigen
1144 764 1396 831 Nnchkommen
1420 764 1629 850 angesehen‚
1663 766 1716 830 die
1742 765 1807 830 ihm
1831 767 1918 832 noch

223 883 320 969 iibrig
344 907 474 967 waren,
507 909 543 950 so
568 885 679 950 wtirde
704 908 740 948 er
763 883 899 950 hiervon
926 884 1033 950 nichta
1062 890 1201 969 gethan,
1236 885 1533 950 sondern·unsern
1561 885 1697 971 Gegner
1727 909 1919 972 zugezogen

219 1001 346 1085 haben,
380 1003 523 1068 welcher
545 1005 630 1090 jetzt
658 1006 729 1069 sein
751 1004 846 1068 Neffe
870 1027 910 1067 zu
934 1005 1003 1068 sein
1029 1003 1221 1091 behauptet.
1269 1006 1438 1070 Interdum
1464 1007 1562 1069 ctiam
1587 1005 1650 1071 loci
1675 1016 1826 1088 exstant,
1860 1006 1918 1071 ubi

220 1134 358 1210 uterque
390 1147 469 1188 usus
493 1126 689 1209 conjunctus
714 1125 876 1205 occurrit3
905 1122 995 1187 velut
1013 1124 1116 1188 verba
1138 1127 1155 1204 §
1174 1126 1216 1189 26
1239 1125 1386 1211 ejusdem
1412 1127 1570 1190 orationis
1595 1127 1640 1189 ita
1664 1124 1913 1211 intelleguntur,

221 1254 257 1307 ut
290 1245 432 1329 protasis
465 1242 696 1329 imperfectum
729 1242 770 1306 ad
799 1252 928 1329 tempus
962 1267 1137 1329 praesens,
1179 1245 1408 1330 imperfectum
1449 1241 1675 1331 apodosis'ad
1706 1248 1918 1324 praeteritum

220 1372 350 1449 tempus
381 1361 592 1426 referendum
624 1363 677 1426 sit.
725 1361 836 1426 Verba
867 1374 977 1426 autem
1009 1362 1091 1426 haec
1124 1375 1218 1428 sunt:
1251 1368 1361 1428 καίτοι
1391 1369 1447 1429 καὶ
1477 1368 1584 1446 τούτῳ
1611 1372 1790 1449 προσῆκεν,
1821 1366 1852 1430 εἰ
1874 1367 1920 1450 μὴ

220 1483 362 1557 πάππος
392 1472 435 1562 ἦν
463 1503 522 1565 μοι
544 1484 673 1566 Kinna,
708 1481 812 1545 ὠδεῑν
841 1486 896 1546 καὶ
926 1480 1094 1560 ἐκβάλλειν
1124 1488 1178 1548 καὶ
1207 1486 1343 1547 κωλύειν
1376 1485 1598 1566 συνθάπτειν,
1633 1508 1717 1571 quae
1750 1497 1921 1551 vertantur

222 1610 368 1686 oportet:
391 1601 468 1665 Nun
492 1600 604 1665 wtirde
629 1625 664 1665 es
687 1600 785 1683 aber,
818 1624 911 1664 wenn
935 1602 1041 1667 Kiron
1065 1601 1157 1666 nicht
1179 1604 1265 1667 mein
1292 1602 1492 1667 Grossvater
1515 1615 1621 1682 ware,
1652 1602 1772 1668 Pflicltt
1794 1607 1920 1670 meines

223 1717 377 1805 Gegnera
400 1744 553 1805 gewesen
586 1721 675 1802 sein,
709 1720 797 1784 mich
821 1744 879 1786 aus
904 1720 976 1784 dem
1002 1722 1115 1786 Haase
1140 1745 1179 1787 zu
1202 1723 1326 1786 werten
1350 1722 1418 1788 und
1442 1722 1528 1787 mich
1552 1747 1616 1788 von
1642 1724 1700 1788 der
1723 1724 1919 1790 'I'eilnahme

222 1860 263 1902 an
296 1838 355 1903 der
378 1840 594 1925 Beerdigung
624 1839 919 1905 auszusclrliessen.
964 1841 1074 1927 Atque
1106 1841 1210 1906 verba
1241 1866 1325 1928 quac
1355 1854 1555 1930 sequuntur:
1587 1842 1650 1924 ἐγὼ
1674 1845 1820 1927 μὲνγὰρ
1844 1844 1920 1910 εἴων

220 1958 319 2023 αὐτὸν
349 1959 556 2043 ἀδελφιδοῦν
588 1957 667 2024 ὄντα
695 1961 756 2023 τοῦ
778 1963 917 2025 πάππου
941 1962 1045 2023 τοῦτο
1069 1963 1176 2025 πάντα
1200 1965 1397 2045 συμπονεῖν,
1426 1965 1533 2044 τούτῳ
1558 1961 1591 2024 d'
1613 1965 1665 2046 Ip’
1689 1965 1727 2027 οὗ
1751 1967 1919 2048 προσῆκεν

222 2079 296 2160 ἐάν,
323 2079 417 2164 εἴπερ
447 2080 560 2161 aaran
587 2082 692 2143 ταῦτα
720 2071 763 2160 ἦν
792 2076 878 2161 άπερ
910 2083 965 2142 νδν
993 2082 1099 2160 λέγειν
1130 2083 1297 2162 τολμῶσιν
1321 2085 1367 2146 ita
1390 2082 1613 2167 intellegenda
1636 2093 1727 2147 sunt:
1759 2083 1818 2147 Ich
1842 2082 1919 2148 liess

223 2197 279 2262 ilm
310 2198 358 2264 als
387 2198 601 2264 Brudersohn
631 2200 757 2263 melnes
782 2198 998 2263 Grossvaters
1028 2222 1069 2262 an
1094 2199 1153 2263 der
1178 2201 1393 2285 Beerdigung
1415 2200 1633 2285 teilnehmen3
1666 2225 1701 2265 er
1724 2201 1805 2266 abor
1828 2202 1917 2268 hatte

222 2319 284 2382 mir
307 2316 379 2383 dies
402 2318 495 2383 nicht
518 2327 680 2403 gestatten
707 2317 836 2400 dtirl'en,
862 2342 955 2383 wenn
981 2317 1039 2384 das
1067 2319 1218 2383 wirklich
1246 2318 1336 2384 wahr
1359 2331 1457 2402 w‘are,
1482 2343 1549 2384 was
1573 2322 1621 2385 sie
1645 2322 1730 2407 jetzt
1751 2346 1792 2387 zu
1814 2346 1918 2408 sagen

222 2460 351 2522 wagan.
397 2436 523 2502 Eadem
555 2439 638 2501 ratio
670 2439 766 2501 etiam
801 2438 897 2521 VIII,
909 2440 950 2502 24
981 2441 1136 2503 occurrit.
1184 2439 1298 2504 Altera
1328 2444 1411 2507 ratio
1436 2452 1502 2524 est,
1534 2451 1571 2506 ut
1592 2443 1626 2505 in
1650 2445 1776 2530 protasi
1799 2444 1919 2531 imper·

223 2557 344 2622 fectum
372 2557 415 2621 ad
438 2569 568 2643 tempus
592 2559 824 2643 praeteritum,
856 2560 888 2621 in
913 2559 1053 2646 epodosi
1078 2559 1301 2646 adpraesens
1326 2561 1499 2626 referatur.
1545 2562 1626 2625 Tale
1651 2563 1838 2650 exemplum
1863 2587 1919 2628 ex-

206 2662 287 2742 stat
317 2677 376 2760 IV,
393 2680 444 2743 18:
477 2682 565 2762 πρὸς
594 2675 632 2742 δὲ
655 2681 804 2760 τούτοις,
827 2669 853 2742 ul
877 2677 1017 2763 ἄνδρες,
1050 2680 1080 2744 εἰ
1103 2684 1161 2762 μὲν
1185 2682 1220 2745 οἱ
1243 2683 1327 2744 κατὰ
1349 2685 1410 2758 τάς
1433 2683 1602 2763 διαθήκας
1625 2682 1919 2770 ἀμφισβητοῦντες

221 2798 499 2880 ὁμολογουμένως
530 2801 747 2881 Νικοστράτῳ
775 2798 962 2879 ἐπιτήδειοι
994 2799 1084 2876 ὄντες
1107 2801 1306 2880 ἐτύγχανον,
1336 2805 1375 2864 τὸ
1405 2804 1463 2882 μὲν
1494 2801 1628 2884 ἀκριβὲς
1652 2802 1724 2866 οὐδ’
1748 2801 1790 2864 du
1814 2797 1920 2878 οὕτως

222 2913 311 3000 ὅμως
334 2920 447 2998 μέντοι
470 2920 597 2999 μάλλον
621 2919 711 2994 εἰκὸς
733 2909 771 3000 ἦν
795 2918 933 2999 ἀληθεῖς
956 2911 1041 2983 εἶναι
1064 2918 1174 2996 δόξειν
1197 2921 1257 2996 τὰς
1281 2919 1451 3000 διαθήκας
1475 2923 1497 2983 i.
1522 2944 1552 2985 e.
1576 2922 1790 3004 Ausserdem,
1824 2943 1920 2985 wenn

224 3037 277 3101 die
304 3037 456 3122 Gegner,
492 3038 615 3102 welche
645 3038 716 3102 ihre
741 3039 937 3124 Ansprtiolre
961 3040 1021 3103 auf
1041 3039 1099 3103 das
1122 3039 1316 3103 Testament
1338 3049 1482 3118 sttttzen,
1518 3039 1917 3125 zngestandcnermassen

226 3157 382 3222 Freunde
414 3155 473 3221 des
495 3157 706 3223 Nikostratos
737 3181 889 3242 genesen
924 3169 1053 3240 waren,
1087 3182 1122 3223 so
1157 3168 1242 3222 ware
1267 3158 1325 3222 das
1349 3159 1479 3223 freilich
1502 3160 1580 3225 hein
1605 3170 1756 3244 strenger
1780 3160 1919 3243 Beweis‚

225 3275 306 3341 aber
336 3300 370 3341 es
400 3287 487 3341 wttre
512 3276 597 3341 doch
621 3276 950 3359 wahrscheinlicher,
985 3277 1060 3342 dass
1085 3278 1143 3343 das
1167 3278 1359 3347 Testament
1382 3278 1506 3364 richtig
1529 3281 1587 3344 sci.
1635 3279 1701 3345 Sed
1718 3282 1797 3345 sartis
1821 3280 1922 3344 fuerit

223 3398 369 3485 reliquos
392 3397 483 3463 locos
507 3396 685 3480 ascribere,
709 3397 768 3462 ubi
787 3399 1018 3483 imperfectum
1043 3397 1084 3462 ad
1108 3401 1321 3485 praeteritum
1347 3409 1476 3485 tempus
1497 3401 1656 3486 pertinet:
1681 3400 1917 3483 11,¹o.111,5.

223 3519 275 3583 28.
295 3520 347 3583 49.
368 3519 420 3582 62.
441 3520 492 3582 66.
515 3520 567 3581 69.
596 3518 638 3599 V,
656 3520 708 3583 20.
737 3519 865 3601 Vl,52.
900 3518 976 3601 VII,
992 3519 1023 3582 3.
1044 3519 1096 3584 20.
1127 3520 1235 3602 X,16.
1267 3519 1329 3601 XI,
1341 3520 1392 3585 25.
1414 3520 1465 3584 29.
1490 3520 1543 3584 30.
1575 3520 1653 3602 XII,
1665 3523 1696 3585 6.
1752 3520 1919 3601 Quoniam

223 3639 326 3723 igitur
353 3639 584 3724 imperfectum
614 3661 720 3725 aeque
744 3650 843 3725 atque
874 3640 1015 3704 aoristus
1045 3637 1088 3703 ad
1119 3649 1249 3726 tempus
1273 3641 1486 3727 praeteritum
1510 3638 1667 3721 refertur,
1704 3662 1769 3704 non
1794 3662 1836 3703 ex
1861 3642 1919 3704 im·

222 3756 365 3845 perfecti
388 3755 503 3839 forma,
528 3757 588 3822 sed
611 3780 653 3821 ex
676 3767 744 3822 toto
769 3759 1006 3822 sententiarum
1030 3779 1117 3822 nexu
1142 3760 1301 3843 cognosci
1325 3769 1445 3844 potest,
1479 3770 1590 3823 utrum
1614 3760 1701 3823 actio
1721 3759 1918 3845 imperfecto

224 3898 385 3964 expressa
406 3874 448 3940 ad
471 3885 602 3963 tempus
625 3877 838 3957 praeteritum
862 3900 904 3941 an
928 3877 970 3942 ad
994 3900 1152 3964 praeseus
1175 3888 1313 3964 spectet.
1351 3877 1427 3941 Alia
1450 3893 1559 3942 autem
1580 3888 1630 3944 est
1649 3880 1814 3965 quaestio,
1841 3902 1920 3944 num

224 3999 366 4062 aoristus
390 3995 479 4083 apud
502 3997 634 4061 Isaeum
658 4018 790 4082 semper
812 3995 856 4060 ad
878 4006 1008 4083 tempus
1024 3999 1238 4084 praeteritum
1256 3998 1429 4079 referatur,
1455 4021 1529 4063 cum
1550 4000 1707 4064 aoristum
1728 3998 1770 4063 ad
1789 4009 1920 4086 tempus

223 4117 431 4204 praesencia
447 4115 540 4181 hisce
557 4117 736 4181 enuntiatis
753 4115 917 4181 interdum
933 4117 1051 4182 referri
1066 4119 1273 4204 grammatici
1291 4118 1442 4183 doceant.
1477 4120 1613 4183 Praeter
1629 4119 1711 4184 alios
1725 4118 1919 4184 Muellerum

225 4245 258 4300 et
277 4236 548 4314 Lattmannum*t
572 4237 718 4320 nomino,
743 4238 799 4323 qui
823 4240 870 4301 ita
893 4235 1077 4324 explicant:
1103 4237 1330 4323 „Umgekehrt
1351 4237 1433 4302 wird
1458 4237 1629 4303 bisweilen
1655 4237 1714 4303 der
1736 4239 1850 4305 Aorist
1873 4238 1920 4304 als

225 4353 359 4420 Condit.
389 4355 448 4420 der
479 4355 681 4441 Gegenwart
708 4355 925 4442 gebraucht.“
972 4356 1146 4444 Ejusmodi
1181 4357 1316 4422 dicendi
1348 4360 1482 4443 generis
1513 4358 1603 4445 apud
1633 4359 1764 4423 Isaeum
1795 4359 1920 4425 nullum

226 4474 416 4562 exemplum
439 4477 585 4562 repperi,
610 4475 669 4541 sed
693 4475 817 4563 ubique
840 4477 873 4540 in
899 4477 1089 4558 enuntiatis,
1115 4476 1292 4562 dequibus
1311 4477 1462 4560 dicimus,
1483 4478 1686 4544 aoristusad
1705 4480 1919 4566 praeteritum

224 4605 354 4684 tempus
378 4595 530 4677 refertur,
555 4595 589 4659 id
613 4595 702 4681 quod
726 4596 884 4683 exemplis
908 4620 993 4683 quae
1017 4597 1207 4680 afferentur,
1233 4597 1419 4663 docebitur.

379 4714 513 4797 Quibus
537 4714 636 4781 rebus
654 4716 814 4802 expositis
831 4726 943 4800 restat,
967 4727 1004 4781 ut
1021 4715 1171 4782 diversas
1188 4718 1432 4782 enuntiatorum
1449 4706 1729 4782 condiclonalium
1750 4716 1919 4781 irrealium

112 4838 119 4849 '
225 4857 311 4921 quae
333 4847 497 4900 vocantur
519 4836 641 4901 formas
665 4858 855 4921 congeram.

379 4971 406 5038 *)
425 4991 463 5039 gr.
483 4975 627 5041 Gnatingae
648 4972 715 5025 1888
733 4973 792 5035 §83
810 4992 872 5026 arm.
892 4974 915 5026 l.
