4284 5572
1897 443 1919 511 5

229 647 357 712 ἀκούειν
383 647 483 728 ἐστίν,
514 642 629 726 οἵσπερ
653 644 736 728 ἐμοὶ·
750 650 858 727 λέγειν
888 668 920 708 τι
940 648 1018 728 περὶ
1047 647 1188 724 τούτων,
1217 641 1318 717 αὐτὸς
1341 641 1401 718 τὰς
1424 644 1609 724 μαρτυρίας
1633 641 1708 724 ὑμίν
1730 638 1922 724 παρέξομαι

228 768 288 842 τὰς
306 770 580 850 μαρτυρηθείσας
600 763 632 828 ἐν
651 767 694 846 τῇ
712 773 862 849 προτέρᾳ
881 766 968 846 δίκη,
991 753 1037 827 ὧν
1060 764 1199 846 οὐδεμιᾷ
1215 762 1478 843 ἐπισκήψασθαι
1496 759 1645 844 ἠξίωσαν
1663 749 1766 824 οὗτοι.
1800 759 1922 825 Orator

230 883 343 949 dicere
376 882 462 949 vult:
496 883 532 950 Si
555 882 651 949 vobis
682 882 799 947 audire
830 906 936 971 aeque
968 881 1183 970 injucundum
1217 890 1268 946 est
1298 917 1330 927 —
1370 879 1405 943 id
1435 879 1506 944 fieri
1535 879 1716 944 verisimile
1739 890 1791 945 est
1811 901 1920 965 neque

231 1013 341 1068 tamen
365 1005 451 1067 scire
476 1025 608 1088 possum
634 1040 673 1050 —
697 1025 736 1067 ac
760 1002 840 1067 mihi
864 1003 905 1067 de
928 1002 990 1067 hac
1013 1024 1048 1066 re
1072 1001 1174 1088 loqui,
1200 1011 1289 1065 certe
1313 999 1503 1064 testimonia
1524 998 1620 1065 vobis
1639 996 1821 1084 praebebo.
1866 997 1919 1063 Ab

229 1123 378 1208 optativo
408 1143 482 1185 cnm
516 1120 556 1185 dv
580 1123 769 1207 conjuncto,
803 1123 859 1208 qui
890 1123 924 1186 in
952 1120 1091 1207 apodosi
1119 1121 1291 1206 utriusque
1321 1117 1461 1182 membri
1485 1117 1574 1205 qnod
1598 1118 1768 1183 antecedit
1788 1116 1921 1204 periodi

226 1240 461 1327 hypotheticae
493 1242 621 1326 positus
653 1250 712 1324 est,
745 1241 890 1305 futurum
922 1263 962 1306 eo
994 1240 1115 1322 differt,
1150 1237 1239 1326 quod
1270 1236 1459 1324 potentialis
1488 1237 1636 1302 modeste
1668 1236 1834 1324 loquentis
1857 1247 1919 1319 est,

227 1361 374 1425 futurum
407 1359 607 1425 voluntatem
641 1359 865 1445 perficiendae
898 1361 1039 1425 actionis
1071 1358 1208 1424 indicat.
1261 1357 1336 1422 Uno
1368 1357 1442 1421 loco
1475 1358 1509 1420 in
1542 1358 1667 1442 protasi
1691 1378 1861 1442 praesens,
1885 1357 1919 1420 in

226 1477 367 1565 apodosi
390 1478 573 1564 perfeetum
594 1481 754 1562 occurrit,
778 1480 822 1545 of.
843 1479 920 1562 Vll,
940 1481 998 1543 20:
1020 1480 1163 1560 ἀνεψιοῦ
1180 1479 1228 1558 δέ,
1246 1481 1302 1540 καὶ
1321 1475 1355 1540 εἴ
1367 1498 1418 1551 τις
1436 1475 1498 1552 ἔξω
1518 1479 1637 1556 ταύτης
1655 1479 1714 1556 τῆς
1732 1479 1921 1555 συγγενείας

226 1597 328 1678 ἐστίν,
356 1597 415 1661 οὐκ
439 1596 525 1677 ἴσον,
550 1597 631 1660 ἀλλὰ
654 1601 833 1681 προτέροις
855 1605 930 1674 τοῖς
953 1597 1070 1681 ἄρρεσι
1088 1600 1155 1660 τῶν
1172 1599 1319 1677 θηλειῶν
1337 1597 1395 1676 τὴν
1414 1594 1605 1675 ἀγχιστείαν
1623 1597 1795 1674 πεποίηκε.
1844 1592 1919 1659 Hoc
1937 1594 1946 1609 '

228 1715 302 1781 loco
327 1716 511 1802 perfectum
535 1714 692 1801 apodosis
715 1714 797 1780 nihil
820 1716 883 1781 nisi
908 1738 1065 1802 praesens
1089 1714 1290 1799 significare,
1315 1737 1333 1778 e
1356 1714 1593 1777 sententiarum
1616 1734 1707 1776 nexu
1725 1711 1823 1776 facile
1843 1734 1921 1797 cog·

226 1835 385 1899 noscitur.
430 1833 515 1898 Illud
548 1836 635 1897 enim
667 1833 697 1908 (ὁ
721 1837 834 1917 νόμος)
860 1833 1000 1899 δίδωσιν
1032 1835 1194 1899 enuntiati
1226 1832 1315 1919 quod
1346 1831 1532 1914 antecedit,
1566 1833 1666 1897 etiam
1698 1829 1753 1895 hie
1776 1853 1837 1918 pro
1860 1853 1919 1895 νιε-

226 1940 348 2033 τιοίηιιεμ
368 1963 529 2018 oratorem
555 1952 667 2016 dicere
690 1954 839 2039 potuisse
862 1955 937 2039 quis
960 1962 1021 2036 est,
1046 1953 1104 2039 qui
1127 1974 1192 2018 non
1217 1951 1352 2015 videat?

379 2071 515 2136 Praeter
544 2070 759 2137 indicativum
789 2073 823 2135 in
847 2070 986 2159 apodosi
1010 2073 1108 2135 ctiam
1133 2072 1366 2157 conjunctivus
1390 2068 1617 2134 adhortativus
1648 2077 1682 2133 et
1703 2069 1920 2156 imperativus

225 2190 305 2274 poni
327 2199 478 2276 possunt,
511 2192 568 2276 qui
592 2190 682 2256 modi
706 2193 867 2255 rationem
892 2189 1112 2257 concludendi
1136 2189 1316 2275 paullulum
1341 2198 1477 2253 mutant.
1523 2188 1739 2252 Postulari
1763 2189 1851 2252 enim
1874 2197 1920 2252 in·

227 2306 352 2391 dicant,
386 2318 422 2372 ut
452 2310 479 2373 si
513 2308 664 2374 condicio
695 2309 883 2397 impleatur,
917 2312 1014 2374 etiam
1045 2310 1132 2374 actio
1156 2307 1313 2395 apodoeis
1337 2318 1426 2371 certe
1449 2307 1517 2374 fiat.
1565 2305 1780 2393 Oonjunctivi
1802 2304 1920 2370 adhor-

225 2428 337 2509 tativi,
371 2429 427 2513 qui
458 2437 612 2510 vocatur,
645 2428 735 2514 apud
757 2429 888 2493 Isaeum
912 2451 1013 2492 unum
1037 2427 1226 2514 exemplum
1249 2427 1346 2513 hujus
1368 2428 1501 2512 generis
1523 2428 1669 2513 repperi,
1695 2426 1757 2506 Xl,
1777 2426 1836 2492 50:
1861 2431 1919 2491 καὶ

224 2544 290 2609 εἴτε
313 2548 420 2611 πολλὰ
444 2546 510 2611 εἴτε
531 2546 628 2627 ὀλίγα
649 2548 755 2628 ἐστίν,
778 2547 811 2611 ἐν
834 2550 940 2630 κοινῷ
961 2554 1138 2630 γενομένης
1161 2548 1314 2628 λάβωμεν
1336 2547 1378 2610 τὰ
1401 2544 1521 2628 ἡμίσεα
1545 2547 1711 2627 ἑκάτερος,
1737 2546 1919 2628 ίναμηδὲν

224 2666 328 2726 πλέον
357 2662 416 2744 ἔχη
445 2661 565 2748 ἅτερος
586 2668 649 2729 τοῦ
670 2666 787 2747 ἑτέρου
810 2670 870 2730 τοῦ
892 2671 1133 2748 προσηκοντος.
1179 2665 1279 2729 Plura
1300 2675 1409 2728 autem
1433 2665 1587 2751 exempla
1609 2673 1752 2748 exstmt,
1776 2686 1918 2750 quorum

224 2781 259 2846 in
282 2781 422 2868 apodosi
445 2785 660 2869 imperativus
684 2785 849 2870 reperitur
871 2784 994 2867 (latr,
1019 2784 1092 2866 V,4
1115 2783 1178 2866 bis,
1201 2783 1264 2866 IX,
1276 2783 1328 2864 35,
1353 2783 1415 2866 XI,
1426 2783 1479 2847 33.
1491 2783 1534 2847 34
1556 2781 1633 2856 bist.
1678 2784 1717 2847 In
1741 2782 1792 2849 his
1816 2805 1917 2848 enun-

225 2903 314 2966 tiatis
345 2900 433 2966 idem
457 2902 618 2967 interesse
643 2905 729 2967 inter
751 2903 983 2989 imperativum
1008 2913 1042 2968 et
1062 2902 1292 2985 indicativum,
1317 2901 1408 2988 quod
1430 2903 1517 2966 inter
1540 2902 1699 2969 orationis
1722 2901 1847 2967 liberae
1871 2904 1918 2967 in-

226 3019 406 3087 dicativum
436 3031 470 3086 et
491 3023 721 3108 imperativum
754 3023 859 3105 mitto,
889 3032 923 3087 at
945 3023 1076 3088 silentio
1100 3023 1283 3108 praeterire
1305 3045 1372 3088 non
1394 3020 1484 3105 licet,
1515 3021 1681 3108 quomodo
1705 3021 1838 3088 differat
1858 3023 1918 3087 im-

225 3143 397 3225 perativus
420 3140 535 3206 aoristi
559 3139 601 3205 ab
626 3142 810 3227 praesentis
833 3143 1042 3228 imperativo,
1067 3164 1141 3206 cum
1165 3142 1360 3228 praesertim
1383 3142 1448 3204 viri
1471 3140 1560 3207 docti
1582 3140 1622 3205 de
1641 3140 1704 3206 hac
1723 3164 1758 3205 re
1777 3143 1917 3207 interae

225 3257 429 3324 discordent.
467 3259 508 3324 G.
530 3260 777 3338 Hermannus*)
800 3259 900 3326 docet
920 3283 1080 3347 praesens
1104 3270 1137 3324 et
1163 3261 1321 3326 aoristum
1345 3261 1379 3323 in
1404 3261 1521 3324 ceteris
1544 3270 1677 3345 praeter
1699 3260 1916 3339 indicativum

224 3376 332 3443 modis
356 3399 395 3442 eo
418 3379 562 3443 maxime
586 3378 714 3462 differe,
748 3379 838 3466 quod
861 3401 1020 3466 praesens
1042 3401 1112 3444 rem
1135 3379 1310 3444 durantem
1332 3379 1386 3443 vel
1408 3380 1542 3465 saepius
1565 3381 1751 3466 repetitam,
1775 3380 1917 3446 aoristus

224 3519 294 3560 rem
326 3494 511 3561 absolutam
542 3509 600 3562 aut
621 3498 722 3563 semel
745 3499 867 3563 factam
890 3497 1028 3582 indicet,
1062 3521 1159 3585 quam
1183 3498 1443 3585 explicationem
1467 3500 1501 3562 in
1524 3498 1644 3563 multos
1668 3499 1802 3586 quidem
1825 3499 1917 3565 locos

223 3626 300 3700 apte
332 3614 495 3701 quadrare
530 3638 639 3703 neque
672 3628 784 3682 tamen
815 3619 850 3682 in
881 3640 996 3683 omnes
1026 3617 1333 3695 Baeumleinius**)
1356 3618 1533 3704 perspicue
1564 3618 1731 3705 exposuit,
1762 3619 1816 3683 cui
1839 3640 1916 3685 con-

223 3732 409 3798 cedendum
429 3743 479 3800 est
495 3735 722 3801 Hermannum
742 3736 776 3814 (l.
799 3741 842 3814 o.)
861 3736 1026 3802 dicentem
1049 3738 1186 3822 „inepte
1206 3736 1298 3802 dieas
1317 3740 1451 3819 γράψον
1468 3739 1599 3819 βίβλον,
1623 3739 1651 3803 si
1671 3760 1737 3803 non
1757 3739 1916 3823 scriptum

224 3875 308 3936 esse,
341 3851 401 3918 sed
424 3853 526 3918 scribi
549 3858 611 3939 vis,
636 3854 801 3942 quiahoc
825 3854 917 3941 longi
940 3856 1098 3942 temporis
1122 3879 1205 3943 opus
1228 3867 1294 3921 est:
1318 3866 1409 3921 recte
1432 3877 1511 3921 vero
1534 3855 1595 3932 δὸς
1618 3857 1677 3938 τὴν
1698 3860 1808 3939 χεῖρα,
1839 3857 1918 3943 quia

222 3971 286 4039 boc
318 3970 414 4037 brevi
446 3975 605 4059 temporis
637 3984 803 4040 momento
834 3975 895 4040 fit“
929 3974 1064 4040 modum
1088 3976 1256 4045 transisse.
1302 3975 1413 4040 Etiam
1438 3973 1719 4050 Gentschius***)
1753 3977 1917 4042 erravisse

222 4090 450 4157 Hermannum
470 4093 631 4181 exemplis
649 4093 887 4181 Antiphonteis
905 4092 1112 4159 Andocideis
1130 4094 1283 4181 Lysiacis
1302 4095 1503 4182 comparatis
1523 4093 1686 4176 ostendit,
1713 4105 1918 4182 quapropter

224 4209 305 4296 quid
329 4210 370 4276 de
393 4211 481 4276 Isaei
504 4234 567 4277 usu
590 4212 800 4279 statuendum
827 4215 871 4280 sit
893 4215 1085 4279 examinare
1108 4237 1174 4280 non
1193 4215 1258 4279 erit
1275 4213 1431 4279 ebenum.
1469 4211 1552 4278 Cum
1572 4224 1681 4279 autem
1700 4215 1734 4278 in
1754 4215 1916 4302 exemplis

223 4329 376 4395 omnibus
407 4330 477 4416 ejus
509 4333 754 4397 enuntiatorum
779 4333 1059 4399 condicionalium
1084 4334 1229 4418 generis,
1254 4332 1295 4398 de
1319 4356 1384 4420 qno
1409 4332 1530 4414 dicam,
1554 4353 1686 4418 semper
1708 4334 1851 4399 aoriatus
1873 4335 1917 4399 sit

222 4449 362 4534 positus,
386 4472 489 4514 unum
511 4450 563 4515 vel
585 4450 724 4516 alterurn
748 4452 937 4538 exemplum
956 4454 1141 4539 praesentis
1159 4453 1349 4539 imperativi
1368 4475 1412 4516 ex
1431 4451 1531 4538 copia
1549 4459 1736 4517 ceterorum
1754 4474 1915 4537 generum

223 4555 457 4563 ———.-.—--

376 4602 401 4667 *γ
419 4605 453 4654 ad
470 4606 605 4670 vigeram,
624 4607 665 4656 ed.
684 4607 729 4666 IV,
747 4623 807 4674 pag.
826 4606 884 4657 747.
1755 4642 1761 4651 -

374 4687 415 4746 ”l
434 4690 677 4757 Untersuchungen
695 4691 761 4741 tiber
779 4693 821 4742 die
839 4690 1025 4758 griechischen
1042 4692 1117 4742 Modi
1135 4694 1191 4743 und
1209 4694 1252 4743 die
1270 4693 1410 4743 Partikeln
1437 4690 1484 4742 κέν
1503 4693 1557 4743 und
1577 4690 1620 4741 ἄν.
1665 4690 1814 4741 Heilbronn
1840 4690 1915 4741 1846.

275 4810 282 4821 .
302 4770 350 4823 169
369 4790 381 4824 s
421 4809 427 4823 .

221 4789 274 4838 με
374 4790 431 4920 all)
451 4859 483 4908 de
502 4861 701 4910 enuntiatorum
715 4861 941 4912 condicionalium
959 4861 1030 4926 apud
1044 4861 1240 4925 Antiphontem
1257 4861 1424 4912 Andocidem
1436 4862 1546 4930 Lysiam
1565 4861 1657 4911 formis
1675 4866 1703 4911 et
1720 4875 1778 4910 usu.
1804 4861 1915 4927 Lipsiae

221 4939 289 4991 1890
306 4957 366 5008 pag.
384 4941 434 4992 217
452 4959 497 5009 sq.¹
