4284 5572
1875 416 1897 483 7

198 610 427 696 Handlung
464 608 717 695 anzugeben
756 612 828 688 ist,
869 608 942 675 das
980 611 1066 673 eine
1102 612 1177 673 wie
1211 601 1288 674 =das
1328 611 1480 675 andere
1513 612 1685 699 Tempus
1716 613 1900 697 gewahlt
1938 652 1940 656 ·

198 730 367 795 werden
398 701 543 795 ldannf‘
589 728 808 795 Baeumleinii
834 729 1026 794 definitione
1050 731 1263 815 perspicuum
1292 740 1356 812 est,
1390 730 1556 816 quomodo
1587 731 1656 813 fiat,
1689 742 1726 796 ut
1755 733 1900 819 scriptor

199 848 287 929 haud
318 872 391 915 raro
423 851 456 912 in
490 849 604 913 eadem
635 850 800 913 sententia
829 859 861 913 et
891 850 1075 934 praesentis
1106 857 1139 912 ct
1161 850 1274 913 aoristi
1298 849 1497 935 imperativo
1521 851 1568 913 uti
1591 851 1707 935 possit.
1741 850 1784 915 cl.
1809 851 1837 933 Ι,
1856 852 1898 916 43

199 973 286 1052 πρὸς
319 966 356 1031 δὲ
380 972 511 1044 τούτοις
533 970 750 1051 ἐνθυμήθητε
775 964 827 1032 ὅτι
850 968 952 1044 αύτάς
975 967 1068 1032 ἔλυσε
1093 1017 1099 1030 .
1126 1017 1131 1029 .
1157 977 1190 1031 et
1210 967 1273 1048 111,
1295 971 1330 1032 18
1354 968 1560 1050 ἐνθυμεῖσθε
1583 969 1620 1032 δὲ
1642 969 1703 1048 την
1726 968 1899 1034 ἀναίδειαν

199 1075 243 1148 ὧν
274 1089 437 1168 λέγουσιν,
468 1109 566 1172 porro
590 1087 706 1168 111,14
739 1086 961 1168 ἀναγίγνωσκε
985 1090 1085 1150 πάλιν
1108 1085 1219 1163 αύτούς
1243 1088 1302 1168 την
1325 1090 1512 1169 μαρτυρίαν
1536 1100 1568 1151 et
1595 1086 1898 1170 increpuerat

199 1207 332 1280 καὶτὰς
351 1209 430 1288 περὶ
450 1209 514 1267 τῶν
533 1208 793 1286 πλησιασάντων
811 1207 894 1286 αὐτη
913 1211 1108 1289 μαρτυρίας.
1143 1205 1268 1269 Eadem
1289 1205 1469 1291 explicatio
1489 1209 1587 1270 etiam
1607 1205 1689 1270 loeis
1708 1229 1728 1269 a
1746 1184 1856 1272 Patrio
1868 1208 1899 1284 *)

200 1325 320 1410 eLys.
343 1348 393 1389 vs.
414 1327 454 1388 73
478 1324 554 1395 (εἴτι
575 1328 661 1388 πάνυ
687 1323 743 1388 δεῖ
765 1331 841 1400 ταῖς
864 1329 1090 1407 παρούσαισιν
1111 1329 1196 1406 λέγε)
1223 1335 1255 1388 ct
1287 1347 1305 1388 e
1328 1325 1406 1389 Pae.
1430 1349 1479 1389 vs.
1505 1327 1546 1389 20
1568 1325 1672 1408 λύμιῖν
1695 1326 1735 1389 δι’
1757 1323 1823 1405 γἐἴ
1848 1347 1900 1402 τις

201 1433 285 1523 οἶδ’,
317 1442 392 1524 ἐμοὶ
423 1447 624 1514 κατειπάτω)
658 1443 782 1526 allatis,
816 1443 858 1507 ad
892 1466 975 1530 quos
1006 1447 1166 1509 rationem
1199 1446 1489 1528 grammaticorum
1521 1444 1672 1508 adhiberi
1703 1467 1768 1508 non
1797 1444 1899 1509 licere

200 1564 340 1647 putavit,
365 1562 471 1626 lucem
493 1564 598 1626 affert.
637 1562 704 1628 Sed
723 1562 765 1626 ad
788 1561 873 1626 hane
892 1562 1111 1626 Baeumleinii
1131 1562 1358 1628 definitionem
1383 1562 1570 1627 addendum
1596 1574 1646 1628 est
1668 1563 1899 1628 nonnullorum

200 1679 377 1746 verborum
402 1683 514 1746 aoristi
539 1684 769 1768 imperativum
794 1692 850 1746 aut
873 1681 989 1747 deesse
1013 1693 1071 1746 aut
1093 1706 1112 1746 a
1135 1681 1354 1769 scriptoribus
1377 1683 1508 1767 graecis
1532 1683 1639 1747 rarius
1663 1685 1828 1769 usurpari.

354 1801 451 1864 Nova
483 1801 632 1888 ejusdem
664 1803 797 1886 generis
830 1800 937 1866 forma
968 1803 1136 1887 praeteriti
1169 1802 1352 1866 indicativo
1385 1803 1418 1866 in
1450 1801 1588 1888 apodosi
1613 1803 1719 1888 posito
1741 1803 1898 1869 efficitur.

203 1919 296 2000 Quae
330 1943 404 1984 eum
438 1922 682 1986 enuntiatorum
714 1922 844 2006 species
875 1923 919 1985 sit
939 1921 1063 2002 rarior,
1097 1922 1213 2006 paucis
1247 1920 1288 1984 de
1312 1942 1352 1984 ea
1375 1920 1545 2007 disputare
1569 1944 1633 1986 non
1658 1922 1898 2004 antolianum,

203 2061 277 2103 eum
309 2041 503 2125 praesertim
542 2039 711 2124 cogitandi
750 2041 870 2104 rationi
907 2040 1106 2119 respondero
1138 2064 1203 2104 non
1239 2039 1392 2104 videatur
1420 2041 1584 2105 actionem
1616 2039 1773 2126 apodosis
1803 2064 1896 2126 prae·

203 2180 335 2222 currere
372 2161 514 2244 protasis
550 2160 686 2224 actioni.
750 2158 923 2243 Ejusmodi
962 2158 1150 2244 exemplum
1182 2158 1223 2240 V,
1244 2160 1282 2222 21
1318 2160 1477 2224 oecurrit:
1517 2158 1601 2236 ἐπεί,
1633 2149 1658 2220 ol
1692 2157 1829 2244 ἄνδρες,
1869 2160 1900 2224 εἰ

200 2280 413 2358 Δικαιογένης
436 2280 550 2360 ἀληθῆ
570 2281 667 2359 λέγει,
689 2280 721 2340 τί
744 2276 839 2360 ἡμεῖς
862 2276 1086 2364 ὠφελούμεθα
1107 2279 1300 2358 νικήσαντες
1322 2277 1342 2358 ἢ
1364 2280 1397 2341 τί
1416 2266 1513 2352 οὗτος
1528 2272 1704 2360 ἐζημιώθη
1725 2278 1899 2360 ἡττηθείς,-

203 2395 302 2477 Quod
325 2407 455 2484 tempus
479 2399 621 2484 protasis
645 2397 686 2461 ab
711 2397 868 2483 apodosis
891 2407 1040 2483 tempore
1063 2397 1126 2462 hoc
1150 2397 1222 2463 loco
1247 2396 1368 2479 differt,
1393 2396 1500 2482 ellipsi
1521 2396 1662 2482 quadam
1683 2398 1806 2462 factum
1823 2419 1897 2462 esse

203 2515 443 2600 contenderim,
469 2541 543 2581 nam
568 2517 722 2584 condicio
747 2541 811 2585 nou
836 2518 878 2582 ad
901 2541 970 2582 rem
994 2519 1100 2604 ipsam
1123 2519 1278 2604 pertinet,
1303 2517 1361 2582 scd
1386 2516 1426 2580 ad
1448 2539 1515 2599 cos,
1540 2518 1573 2579 in
1594 2539 1677 2602 quos
1697 2519 1801 2582 oratio
1821 2539 1898 2582 con-

205 2658 303 2700 versa
321 2647 381 2719 est,
403 2660 468 2723 quo
488 2638 534 2720 fit,
555 2649 591 2702 ut
608 2639 765 2724 apodosis
783 2640 961 2702 omittatur.
990 2638 1025 2703 Si
1043 2638 1144 2721 igitur
1158 2636 1319 2700 rationem
1335 2637 1584 2720 grammaticam
1602 2636 1782 2721 sequimur,
1798 2635 1902 2701 verba

203 2755 233 2818 εἰ
255 2761 472 2837 Δικαιογένης
496 2756 609 2838 ἀληθῆ
629 2760 715 2839 λέγει
737 2781 803 2823 non
826 2767 904 2822 sunt
925 2756 1068 2842 protasis
1091 2778 1204 2820 eorum
1223 2753 1400 2820 verborum
1421 2777 1506 2841 quae
1526 2768 1686 2841 sequntur
1701 2759 1733 2818 τι’
1752 2755 1844 2838 ἡμεῖς
1862 2805 1870 2822 .
1891 2806 1897 2820 .

202 2872 370 2955 ἡττηθείς,
404 2876 462 2939 aed
495 2878 642 2960 protasin
672 2878 783 2940 omissi
813 2876 974 2939 enuntiati
1004 2875 1169 2958 efficiunt,
1204 2872 1293 2960 quod
1325 2876 1372 2938 ita
1400 2874 1469 2938 fere
1493 2873 1641 2960 suppleri
1665 2885 1790 2960 potest:
1813 2874 1901 2958 ὑμᾶς

202 2993 323 3075 ἐρωτῶ.
369 2993 445 3056 Hue
477 2993 565 3058 refer
597 2994 676 3058 illud
699 2997 923 3077 enuntiatum,
955 2994 1045 3080 quod
1068 3003 1118 3057 est
1139 2994 1200 3077 XI,
1212 2995 1269 3058 24:
1295 2984 1332 3074 ἦν
1355 2995 1420 3075 γὰρ
1443 2994 1570 3074 ὁμοίως
1593 2997 1648 3056 καὶ
1672 2997 1802 3069 τούτοις
1828 2993 1900 3058 ἐπὶ·

201 3111 295 3175 ύιιιου
317 3115 356 3175 τὸ
380 3111 586 3196 ημικληριον,
609 3112 701 3197 εἴπερ
725 3113 837 3195 ἀληθῆ
858 3115 1021 3194 λέγουσιν,
1050 3111 1106 3176 ubi
1130 3112 1287 3177 formulas
1311 3116 1396 3193 λέγω
1422 3109 1473 3176 ὅτι
1499 3111 1551 3175 vel
1575 3111 1646 3175 λ’στε
1666 3108 1718 3175 ὅτι
1737 3111 1801 3176 tale
1821 3110 1900 3199 quid

202 3229 349 3315 suppleri
388 3253 526 3296 necesse
567 3242 627 3295 est.
690 3232 817 3297 Eodem
851 3232 948 3297 modo
981 3232 1144 3317 ejusmodi
1176 3231 1330 3318 exempla
1362 3234 1460 3295 etiarn
1485 3231 1709 3309 Wintcrus**)
1739 3230 1901 3317 explicari

203 3347 318 3426 voluit,
343 3371 417 3413 eum
441 3351 643 3427 Petrius***)
667 3351 797 3438 ellipsin
821 3352 862 3416 ad
882 3352 964 3416 tales
987 3351 1079 3417 locos
1102 3350 1322 3416 adhibendam
1348 3374 1420 3415 esse
1440 3360 1588 3435 negaret.
1636 3350 1703 3416 Sed
1719 3351 1847 3415 Patrius
1866 3352 1901 3414 in

203 3489 242 3532 eo
271 3467 369 3533 valde
399 3469 531 3534 videtur
563 3494 691 3554 errare,
726 3471 815 3557 quod
840 3470 1055 3535 indicativum
1080 3471 1209 3556 periodi
1233 3470 1467 3557 hypotheticae
1492 3469 1631 3535 eandem
1654 3470 1721 3533 vim
1744 3479 1843 3557 atque
1867 3470 1901 3533 in

202 3589 381 3653 enuntiatis
411 3587 526 3653 liberis
558 3587 680 3654 habere
711 3600 800 3655 ratus
830 3589 1008 3654 discrimen
1032 3591 1117 3654 inter
1141 3589 1313 3676 periodum
1336 3588 1584 3677 hypotheticam
1608 3588 1639 3652 εἰ
1661 3592 1831 3671 μέμνησθ’
1853 3589 1902 3653 ἔτι

203 3705 348 3783 (Eccles.
371 3729 420 3771 vs.
441 3709 494 3785 21)
527 3718 560 3773 et
591 3710 853 3773 enuntiationem
885 3707 1024 3772 liberam
1056 3713 1227 3792 μέμνησθ’
1260 3707 1308 3772 ἔτι
1339 3708 1462 3773 nullum
1488 3731 1560 3773 csse
1585 3721 1709 3791 censet,
1743 3710 1899 3794 quoniam

203 3847 241 3890 ea
264 3847 349 3911 quae
373 3848 446 3891 esse
470 3837 653 3908 sumuntur,
683 3849 718 3890 re
741 3849 821 3891 vora
844 3849 916 3891 esse
940 3827 1127 3912 praedicari
1151 3850 1217 3892 non
1242 3838 1395 3914 possunt3
1428 3838 1632 3914 quapropter
1662 3828 1760 3891 etiam
1790 3825 1902 3891 Kueh-

201 3950 339 4022 nerua†)
380 3945 520 4012 docens:
553 3947 584 4010 εἰ
614 3946 697 4010 wird
729 3949 788 4010 mit
819 3945 894 4010 dem
925 3945 1091 4011 Indicativ
1121 3946 1203 4009 aller
1232 3947 1436 4013 Zeitformeu
1468 3946 1685 4028 verbunden,
1720 3968 1814 4010 wenn
1846 3945 1900 4010 die

202 4062 403 4149 Bedingung
439 4088 504 4130 von
544 4065 618 4130 dem
651 4064 832 4130 Redenden
865 4065 913 4131 als
946 4067 999 4129 ein
1037 4065 1222 4146 Gennaes,
1259 4065 1558 4149 Unbezweifeltes‚
1592 4064 1796 4131 Wirlrlichcs
1829 4088 1902 4131 aus·

201 4183 410 4270 gesproehen
433 4184 516 4249 wird
548 4235 554 4248 .
583 4235 589 4250 .
614 4184 677 4249 hoe
701 4186 944 4250 enuntiatorum
969 4183 1249 4249 condicionalium
1274 4208 1379 4270 genus
1402 4209 1538 4271 prorsus
1562 4210 1628 4251 non
1650 4196 1740 4250 recte
1765 4185 1902 4248 circum-

202 4301 329 4386 scribit,
354 4302 413 4369 sed
437 4306 561 4391 optimo
580 4305 657 4392 jure
680 4304 991 4389 Recknagelius††l
1015 4303 1246 4370 condicionem
1266 4327 1432 4391 nunquam
1454 4303 1581 4391 aliquid
1602 4306 1685 4369 eerti
1710 4327 1783 4369 esse
1803 4327 1901 4391 posse

204 4426 311 4434 n-—-—
316 4428 437 4435 ———.-

356 4490 381 4555 *)
399 4494 440 4543 Ι)ο
459 4496 656 4544 enuntiatorum
675 4494 899 4543 condicionalinm
918 4495 989 4558 apud
1007 4493 1213 4557 Aristophanem
1234 4494 1324 4543 formis
1343 4500 1370 4545 et
1389 4510 1446 4544 usn.
1475 4495 1551 4545 Halia
1570 4495 1704 4545 Saxonum
1721 4492 1787 4543 1887
1801 4509 1863 4559 pag.
1875 4492 1900 4543 6.

356 4576 396 4642 **)
414 4581 455 4628 Do
474 4580 610 4629 modorum
630 4581 656 4628 in
675 4579 820 4628 enuntiatis
835 4578 1065 4629 condicionalibus
1080 4580 1152 4643 aptrd
1167 4582 1282 4645 tragicos
1298 4595 1408 4645 graccos
1423 4595 1481 4630 usu.
1510 4578 1694 4634 Vratislariae,
1711 4577 1785 4635 lare.
1801 4594 1860 4645 pag.
1875 4579 1900 4628 7.

356 4660 450 4726 ***)1.
470 4681 491 4714 e.
511 4680 570 4729 pag.
591 4662 613 4712 l.

355 4749 383 4810 †)
405 4751 449 4799 Gr.
469 4750 503 4799 ΙΙ,
523 4766 581 4815 pag.
601 4749 660 4797 969.

356 4834 401 4897 ll)
421 4836 473 4884 Zur
490 4836 577 4885 Lehrc
605 4851 657 4884 von
676 4835 727 4883 den
746 4833 969 4898 hypothetisehen
989 4834 1096 4892 Siltmn,
1120 4836 1169 4884 init
1192 4834 1354 4884 bcsonderer
1371 4832 1630 4899 Reriieksichtigung
1642 4835 1689 4883 der
1704 4833 1901 4885 Grurrdt‘ormen

202 4918 342 4970 dersclbcn
361 4922 389 4970 in
408 4921 454 4970 der
472 4919 657 4986 griechischen
677 4918 803 4983 spurcha,
820 4918 844 4968 2.
862 4919 924 4969 Aut.
943 4919 1085 4985 Niirnberg
1105 4918 1334 4987 184414e‚psg.5
1353 4922 1368 4980 ξ
1387 4918 1428 4968 30.
