<?xml version="1.0" encoding="UTF-8"?>
<!DOCTYPE html PUBLIC "-//W3C//DTD XHTML 1.0 Transitional//EN"
    "http://www.w3.org/TR/xhtml1/DTD/xhtml1-transitional.dtd">
<html xmlns="http://www.w3.org/1999/xhtml" xml:lang="en" lang="en">
 <head>
  <title>
</title>
<meta http-equiv="Content-Type" content="text/html;charset=utf-8" />
  <meta name='ocr-system' content='tesseract 3.04.00' />
  <meta name='ocr-capabilities' content='ocr_page ocr_carea ocr_par ocr_line ocrx_word'/>
</head>
<body>
  <div class='ocr_page' id='page_1' title='image "./deenuntiatoruma00knopgoog_0022.png"; bbox 0 0 4284 5572; ppageno 0'>
   <div class='ocr_carea' id='block_1_1' title="bbox 1782 370 1923 457">
    <p class='ocr_par' dir='ltr' id='par_1_1' title="bbox 1782 370 1923 457">
     <span class='ocr_line' id='line_1_1' title="bbox 1782 370 1923 457; baseline -0.007 0"><span class='ocrx_word' id='word_1_1' title='bbox 1782 370 1783 373; x_wconf 67' lang='lat'>‘</span> <span class='ocrx_word' id='word_1_2' title='bbox 1879 389 1923 457; x_wconf 80' lang='lat' dir='ltr'><strong>rr</strong></span> 
     </span>
    </p>
   </div>
   <div class='ocr_carea' id='block_1_2' title="bbox 221 582 1926 4149">
    <p class='ocr_par' dir='ltr' id='par_1_2' title="bbox 221 582 1926 4149">
     <span class='ocr_line' id='line_1_2' title="bbox 231 582 1924 674; baseline 0.002 -24"><span class='ocrx_word' id='word_1_3' title='bbox 231 608 330 673; x_wconf 89' lang='lat' dir='ltr'><strong>quam</strong></span> <span class='ocrx_word' id='word_1_4' title='bbox 355 582 445 649; x_wconf 89' lang='lat' dir='ltr'><strong>multi</strong></span> <span class='ocrx_word' id='word_1_5' title='bbox 469 585 532 649; x_wconf 89' lang='lat' dir='ltr'><strong>viri</strong></span> <span class='ocrx_word' id='word_1_6' title='bbox 558 583 646 651; x_wconf 85' lang='lat' dir='ltr'><strong>docti</strong></span> <span class='ocrx_word' id='word_1_7' title='bbox 671 608 713 650; x_wconf 88' lang='lat' dir='ltr'><strong>ex</strong></span> <span class='ocrx_word' id='word_1_8' title='bbox 745 583 926 672; x_wconf 87' lang='lat' dir='ltr'><strong>praeterito</strong></span> <span class='ocrx_word' id='word_1_9' title='bbox 959 608 1031 651; x_wconf 88' lang='lat' dir='ltr'><strong>curn</strong></span> <span class='ocrx_word' id='word_1_10' title='bbox 1065 582 1105 650; x_wconf 78' lang='grc'><strong>611</strong></span> <span class='ocrx_word' id='word_1_11' title='bbox 1138 585 1301 674; x_wconf 85' lang='lat' dir='ltr'><strong>particula</strong></span> <span class='ocrx_word' id='word_1_12' title='bbox 1333 586 1512 674; x_wconf 88' lang='lat' dir='ltr'><strong>conjuncto</strong></span> <span class='ocrx_word' id='word_1_13' title='bbox 1545 596 1696 653; x_wconf 78' lang='lat' dir='ltr'>constare</span> <span class='ocrx_word' id='word_1_14' title='bbox 1729 585 1924 654; x_wconf 86' lang='lat' dir='ltr'><strong>docuerunt.</strong></span> 
     </span>
     <span class='ocr_line' id='line_1_3' title="bbox 227 704 1926 796; baseline 0.002 -25"><span class='ocrx_word' id='word_1_15' title='bbox 227 706 272 771; x_wconf 90' lang='lat' dir='ltr'><strong>Ut</strong></span> <span class='ocrx_word' id='word_1_16' title='bbox 296 704 378 771; x_wconf 90' lang='lat' dir='ltr'><strong>alios</strong></span> <span class='ocrx_word' id='word_1_17' title='bbox 401 705 520 771; x_wconf 89' lang='lat' dir='ltr'><strong>multos</strong></span> <span class='ocrx_word' id='word_1_18' title='bbox 539 715 758 792; x_wconf 81' lang='lat' dir='ltr'><strong>praeteream,</strong></span> <span class='ocrx_word' id='word_1_19' title='bbox 783 704 880 793; x_wconf 88' lang='lat' dir='ltr'><strong>hujus</strong></span> <span class='ocrx_word' id='word_1_20' title='bbox 904 708 1087 771; x_wconf 88' lang='lat' dir='ltr'><strong>sententiae</strong></span> <span class='ocrx_word' id='word_1_21' title='bbox 1108 716 1275 773; x_wconf 86' lang='lat' dir='ltr'><strong>auctorem</strong></span> <span class='ocrx_word' id='word_1_22' title='bbox 1296 707 1502 786; x_wconf 84' lang='grc' dir='ltr'><strong>Α1(611111111*)</strong></span> <span class='ocrx_word' id='word_1_23' title='bbox 1522 711 1668 792; x_wconf 88' lang='grc'><strong>1161111116,</strong></span> <span class='ocrx_word' id='word_1_24' title='bbox 1693 710 1749 795; x_wconf 93' lang='lat' dir='ltr'><strong>qui</strong></span> <span class='ocrx_word' id='word_1_25' title='bbox 1769 711 1926 796; x_wconf 83' lang='lat' dir='ltr'>exposuit</span> 
     </span>
     <span class='ocr_line' id='line_1_4' title="bbox 230 826 1922 915; baseline 0.002 -26"><span class='ocrx_word' id='word_1_26' title='bbox 230 826 461 912; x_wconf 88' lang='lat' dir='ltr'><strong>imperfectum</strong></span> <span class='ocrx_word' id='word_1_27' title='bbox 487 836 519 890; x_wconf 91' lang='lat' dir='ltr'><strong>et</strong></span> <span class='ocrx_word' id='word_1_28' title='bbox 541 826 710 909; x_wconf 88' lang='lat' dir='ltr'><strong>aoristum,</strong></span> <span class='ocrx_word' id='word_1_29' title='bbox 736 848 811 891; x_wconf 90' lang='lat' dir='ltr'><strong>cum</strong></span> <span class='ocrx_word' id='word_1_30' title='bbox 835 828 942 913; x_wconf 91' lang='lat' dir='ltr'><strong>primo</strong></span> <span class='ocrx_word' id='word_1_31' title='bbox 966 830 1013 891; x_wconf 92' lang='lat' dir='ltr'><strong>ita</strong></span> <span class='ocrx_word' id='word_1_32' title='bbox 1035 837 1159 892; x_wconf 90' lang='lat' dir='ltr'><strong>tantum</strong></span> <span class='ocrx_word' id='word_1_33' title='bbox 1185 838 1344 914; x_wconf 88' lang='lat' dir='ltr'><strong>usurpata</strong></span> <span class='ocrx_word' id='word_1_34' title='bbox 1367 839 1488 911; x_wconf 80' lang='lat' dir='ltr'>essent,</span> <span class='ocrx_word' id='word_1_35' title='bbox 1513 840 1548 892; x_wconf 88' lang='lat' dir='ltr'><strong>ut</strong></span> <span class='ocrx_word' id='word_1_36' title='bbox 1571 851 1626 894; x_wconf 90' lang='lat' dir='ltr'><strong>eas</strong></span> <span class='ocrx_word' id='word_1_37' title='bbox 1650 830 1810 912; x_wconf 81' lang='lat' dir='ltr'>actiones,</span> <span class='ocrx_word' id='word_1_38' title='bbox 1836 852 1922 915; x_wconf 90' lang='lat' dir='ltr'><strong>quae</strong></span> 
     </span>
     <span class='ocr_line' id='line_1_5' title="bbox 229 946 1924 1035; baseline 0.004 -26"><span class='ocrx_word' id='word_1_39' title='bbox 229 969 308 1012; x_wconf 90' lang='lat' dir='ltr'><strong>vero</strong></span> <span class='ocrx_word' id='word_1_40' title='bbox 330 969 438 1009; x_wconf 88' lang='lat' dir='ltr'><strong>rerum</strong></span> <span class='ocrx_word' id='word_1_41' title='bbox 456 946 555 1010; x_wconf 88' lang='lat' dir='ltr'><strong>statui</strong></span> <span class='ocrx_word' id='word_1_42' title='bbox 574 968 638 1011; x_wconf 90' lang='lat' dir='ltr'><strong>non</strong></span> <span class='ocrx_word' id='word_1_43' title='bbox 660 946 911 1032; x_wconf 80' lang='lat' dir='ltr'><strong>responderent,</strong></span> <span class='ocrx_word' id='word_1_44' title='bbox 937 948 1173 1032; x_wconf 87' lang='lat' dir='ltr'><strong>significarent,</strong></span> <span class='ocrx_word' id='word_1_45' title='bbox 1194 946 1365 1034; x_wconf 82' lang='lat' dir='ltr'>paullatim</span> <span class='ocrx_word' id='word_1_46' title='bbox 1385 946 1426 1011; x_wconf 92' lang='lat' dir='ltr'><strong>ah</strong></span> <span class='ocrx_word' id='word_1_47' title='bbox 1446 947 1509 1013; x_wconf 94' lang='lat' dir='ltr'><strong>hoc</strong></span> <span class='ocrx_word' id='word_1_48' title='bbox 1530 948 1664 1013; x_wconf 89' lang='lat' dir='ltr'><strong>dicendi</strong></span> <span class='ocrx_word' id='word_1_49' title='bbox 1685 960 1745 1013; x_wconf 83' lang='lat' dir='ltr'><strong>u&#39;su</strong></span> <span class='ocrx_word' id='word_1_50' title='bbox 1765 950 1924 1035; x_wconf 87' lang='lat' dir='ltr'><strong>temporis</strong></span> 
     </span>
     <span class='ocr_line' id='line_1_6' title="bbox 225 1065 1922 1154; baseline 0.003 -24"><span class='ocrx_word' id='word_1_51' title='bbox 225 1066 395 1153; x_wconf 89' lang='lat' dir='ltr'><strong>praeteriti</strong></span> <span class='ocrx_word' id='word_1_52' title='bbox 426 1067 492 1129; x_wconf 93' lang='lat' dir='ltr'><strong>vim</strong></span> <span class='ocrx_word' id='word_1_53' title='bbox 523 1067 705 1151; x_wconf 90' lang='lat' dir='ltr'><strong>accepisse.</strong></span> <span class='ocrx_word' id='word_1_54' title='bbox 760 1065 1064 1141; x_wconf 72' lang='lat' dir='ltr'><strong>Baeumleinius**l</strong></span> <span class='ocrx_word' id='word_1_55' title='bbox 1101 1069 1264 1133; x_wconf 82' lang='lat' dir='ltr'><strong>actionem</strong></span> <span class='ocrx_word' id='word_1_56' title='bbox 1295 1066 1452 1154; x_wconf 79' lang='lat' dir='ltr'><strong>aporlosis</strong></span> <span class='ocrx_word' id='word_1_57' title='bbox 1484 1090 1562 1133; x_wconf 91' lang='lat' dir='ltr'><strong>vero</strong></span> <span class='ocrx_word' id='word_1_58' title='bbox 1593 1090 1701 1132; x_wconf 90' lang='lat' dir='ltr'><strong>rerum</strong></span> <span class='ocrx_word' id='word_1_59' title='bbox 1732 1069 1833 1133; x_wconf 89' lang='lat' dir='ltr'><strong>statui</strong></span> <span class='ocrx_word' id='word_1_60' title='bbox 1856 1092 1922 1135; x_wconf 90' lang='lat' dir='ltr'><strong>non</strong></span> 
     </span>
     <span class='ocr_line' id='line_1_7' title="bbox 225 1183 1921 1274; baseline 0.001 -23"><span class='ocrx_word' id='word_1_61' title='bbox 225 1184 428 1273; x_wconf 87' lang='lat' dir='ltr'><strong>respondere</strong></span> <span class='ocrx_word' id='word_1_62' title='bbox 459 1184 600 1251; x_wconf 86' lang='lat' dir='ltr'><strong>formula</strong></span> <span class='ocrx_word' id='word_1_63' title='bbox 628 1183 668 1248; x_wconf 80' lang='grc'><strong>(11</strong></span> <span class='ocrx_word' id='word_1_64' title='bbox 693 1185 875 1272; x_wconf 84' lang='lat' dir='ltr'><strong>particulae</strong></span> <span class='ocrx_word' id='word_1_65' title='bbox 900 1209 974 1251; x_wconf 91' lang='lat' dir='ltr'><strong>cum</strong></span> <span class='ocrx_word' id='word_1_66' title='bbox 1004 1189 1181 1274; x_wconf 89' lang='lat' dir='ltr'><strong>praeterito</strong></span> <span class='ocrx_word' id='word_1_67' title='bbox 1207 1186 1380 1274; x_wconf 85' lang='lat' dir='ltr'><strong>copulatae</strong></span> <span class='ocrx_word' id='word_1_68' title='bbox 1403 1188 1499 1252; x_wconf 90' lang='lat' dir='ltr'><strong>initio</strong></span> <span class='ocrx_word' id='word_1_69' title='bbox 1525 1211 1596 1252; x_wconf 88' lang='lat' dir='ltr'><strong>esse</strong></span> <span class='ocrx_word' id='word_1_70' title='bbox 1621 1211 1828 1274; x_wconf 85' lang='lat' dir='ltr'><strong>expressum,</strong></span> <span class='ocrx_word' id='word_1_71' title='bbox 1854 1201 1921 1254; x_wconf 90' lang='lat' dir='ltr'><strong>tum</strong></span> 
     </span>
     <span class='ocr_line' id='line_1_8' title="bbox 226 1305 1921 1394; baseline 0.003 -26"><span class='ocrx_word' id='word_1_72' title='bbox 226 1330 266 1368; x_wconf 87' lang='lat' dir='ltr'><strong>ex</strong></span> <span class='ocrx_word' id='word_1_73' title='bbox 289 1305 428 1392; x_wconf 83' lang='lat' dir='ltr'><strong>epodosi</strong></span> <span class='ocrx_word' id='word_1_74' title='bbox 447 1307 481 1369; x_wconf 91' lang='lat' dir='ltr'><strong>in</strong></span> <span class='ocrx_word' id='word_1_75' title='bbox 501 1308 648 1391; x_wconf 89' lang='lat' dir='ltr'><strong>protasin</strong></span> <span class='ocrx_word' id='word_1_76' title='bbox 663 1328 735 1369; x_wconf 90' lang='lat' dir='ltr'><strong>eam</strong></span> <span class='ocrx_word' id='word_1_77' title='bbox 755 1307 950 1370; x_wconf 90' lang='lat' dir='ltr'><strong>sententiam</strong></span> <span class='ocrx_word' id='word_1_78' title='bbox 968 1308 1138 1390; x_wconf 88' lang='lat' dir='ltr'><strong>transisse,</strong></span> <span class='ocrx_word' id='word_1_79' title='bbox 1158 1310 1241 1372; x_wconf 88' lang='lat' dir='ltr'><strong>sumi</strong></span> <span class='ocrx_word' id='word_1_80' title='bbox 1261 1307 1388 1394; x_wconf 91' lang='lat' dir='ltr'><strong>aliquid</strong></span> <span class='ocrx_word' id='word_1_81' title='bbox 1408 1307 1497 1394; x_wconf 90' lang='lat' dir='ltr'><strong>quod</strong></span> <span class='ocrx_word' id='word_1_82' title='bbox 1517 1307 1675 1372; x_wconf 90' lang='lat' dir='ltr'><strong>adfinem</strong></span> <span class='ocrx_word' id='word_1_83' title='bbox 1695 1308 1835 1394; x_wconf 85' lang='lat' dir='ltr'><strong>perduci</strong></span> <span class='ocrx_word' id='word_1_84' title='bbox 1856 1331 1921 1373; x_wconf 92' lang='lat' dir='ltr'><strong>non</strong></span> 
     </span>
     <span class='ocr_line' id='line_1_9' title="bbox 227 1425 1924 1514; baseline 0.001 -23"><span class='ocrx_word' id='word_1_85' title='bbox 227 1449 326 1512; x_wconf 88' lang='lat' dir='ltr'><strong>posse</strong></span> <span class='ocrx_word' id='word_1_86' title='bbox 350 1426 378 1490; x_wconf 92' lang='lat' dir='ltr'><strong>is</strong></span> <span class='ocrx_word' id='word_1_87' title='bbox 402 1426 458 1513; x_wconf 90' lang='lat' dir='ltr'><strong>qui</strong></span> <span class='ocrx_word' id='word_1_88' title='bbox 482 1425 675 1511; x_wconf 89' lang='lat' dir='ltr'><strong>loqueretur</strong></span> <span class='ocrx_word' id='word_1_89' title='bbox 697 1426 808 1509; x_wconf 89' lang='lat' dir='ltr'><strong>sciret,</strong></span> <span class='ocrx_word' id='word_1_90' title='bbox 833 1428 972 1490; x_wconf 90' lang='lat' dir='ltr'><strong>censuit.</strong></span> <span class='ocrx_word' id='word_1_91' title='bbox 1015 1426 1125 1513; x_wconf 84' lang='lat' dir='ltr'><strong>Atque</strong></span> <span class='ocrx_word' id='word_1_92' title='bbox 1156 1425 1197 1490; x_wconf 90' lang='lat' dir='ltr'><strong>ab</strong></span> <span class='ocrx_word' id='word_1_93' title='bbox 1229 1427 1391 1513; x_wconf 88' lang='lat' dir='ltr'><strong>ejusmodi</strong></span> <span class='ocrx_word' id='word_1_94' title='bbox 1415 1429 1540 1514; x_wconf 89' lang='lat' dir='ltr'><strong>protasi</strong></span> <span class='ocrx_word' id='word_1_95' title='bbox 1565 1429 1808 1493; x_wconf 88' lang='lat' dir='ltr'><strong>enuntiatorum</strong></span> <span class='ocrx_word' id='word_1_96' title='bbox 1833 1438 1924 1514; x_wconf 88' lang='lat' dir='ltr'><strong>opta·</strong></span> 
     </span>
     <span class='ocr_line' id='line_1_10' title="bbox 228 1544 1923 1634; baseline 0.001 -25"><span class='ocrx_word' id='word_1_97' title='bbox 228 1547 368 1611; x_wconf 89' lang='lat' dir='ltr'><strong>tivorum</strong></span> <span class='ocrx_word' id='word_1_98' title='bbox 395 1569 461 1611; x_wconf 94' lang='lat' dir='ltr'><strong>non</strong></span> <span class='ocrx_word' id='word_1_99' title='bbox 491 1544 701 1632; x_wconf 89' lang='lat' dir='ltr'><strong>impletorum</strong></span> <span class='ocrx_word' id='word_1_100' title='bbox 734 1568 828 1609; x_wconf 91' lang='lat' dir='ltr'><strong>usum</strong></span> <span class='ocrx_word' id='word_1_101' title='bbox 859 1547 910 1610; x_wconf 90' lang='lat' dir='ltr'><strong>vir</strong></span> <span class='ocrx_word' id='word_1_102' title='bbox 940 1545 1056 1612; x_wconf 88' lang='lat' dir='ltr'><strong>doctus</strong></span> <span class='ocrx_word' id='word_1_103' title='bbox 1089 1546 1194 1611; x_wconf 85' lang='lat' dir='ltr'><strong>duxit.</strong></span> <span class='ocrx_word' id='word_1_104' title='bbox 1240 1547 1285 1611; x_wconf 83' lang='lat' dir='ltr'><strong>At</strong></span> <span class='ocrx_word' id='word_1_105' title='bbox 1313 1548 1437 1634; x_wconf 92' lang='lat' dir='ltr'><strong>optimo</strong></span> <span class='ocrx_word' id='word_1_106' title='bbox 1457 1547 1533 1632; x_wconf 91' lang='lat' dir='ltr'><strong>jure</strong></span> <span class='ocrx_word' id='word_1_107' title='bbox 1558 1570 1577 1611; x_wconf 91' lang='lat' dir='ltr'><strong>a</strong></span> <span class='ocrx_word' id='word_1_108' title='bbox 1598 1548 1680 1612; x_wconf 89' lang='lat' dir='ltr'><strong>viris</strong></span> <span class='ocrx_word' id='word_1_109' title='bbox 1704 1546 1812 1612; x_wconf 87' lang='lat' dir='ltr'><strong>doctis</strong></span> <span class='ocrx_word' id='word_1_110' title='bbox 1834 1546 1923 1613; x_wconf 90' lang='lat' dir='ltr'><strong>haud</strong></span> 
     </span>
     <span class='ocr_line' id='line_1_11' title="bbox 228 1663 1923 1755; baseline 0.001 -26"><span class='ocrx_word' id='word_1_111' title='bbox 228 1667 345 1752; x_wconf 89' lang='lat' dir='ltr'><strong>paucis</strong></span> <span class='ocrx_word' id='word_1_112' title='bbox 370 1663 556 1729; x_wconf 85' lang='lat' dir='ltr'><strong>dubitatum</strong></span> <span class='ocrx_word' id='word_1_113' title='bbox 581 1676 641 1747; x_wconf 91' lang='lat' dir='ltr'><strong>est,</strong></span> <span class='ocrx_word' id='word_1_114' title='bbox 666 1688 744 1729; x_wconf 92' lang='lat' dir='ltr'><strong>num</strong></span> <span class='ocrx_word' id='word_1_115' title='bbox 769 1665 850 1731; x_wconf 89' lang='lat' dir='ltr'><strong>tales</strong></span> <span class='ocrx_word' id='word_1_116' title='bbox 873 1669 1057 1730; x_wconf 84' lang='lat' dir='ltr'><strong>sententiae</strong></span> <span class='ocrx_word' id='word_1_117' title='bbox 1081 1666 1158 1730; x_wconf 88' lang='lat' dir='ltr'><strong>ferri</strong></span> <span class='ocrx_word' id='word_1_118' title='bbox 1176 1677 1323 1753; x_wconf 88' lang='lat' dir='ltr'><strong>possent.</strong></span> <span class='ocrx_word' id='word_1_119' title='bbox 1369 1668 1514 1730; x_wconf 90' lang='lat' dir='ltr'><strong>Primum</strong></span> <span class='ocrx_word' id='word_1_120' title='bbox 1535 1668 1622 1731; x_wconf 90' lang='lat' dir='ltr'><strong>enim</strong></span> <span class='ocrx_word' id='word_1_121' title='bbox 1642 1669 1814 1733; x_wconf 89' lang='lat' dir='ltr'><strong>enuntiata</strong></span> <span class='ocrx_word' id='word_1_122' title='bbox 1832 1678 1923 1755; x_wconf 90' lang='lat' dir='ltr'><strong>opta·</strong></span> 
     </span>
     <span class='ocr_line' id='line_1_12' title="bbox 227 1783 1924 1875; baseline 0.002 -26"><span class='ocrx_word' id='word_1_123' title='bbox 227 1786 296 1849; x_wconf 88' lang='lat' dir='ltr'><strong>tiva</strong></span> <span class='ocrx_word' id='word_1_124' title='bbox 328 1809 393 1850; x_wconf 93' lang='lat' dir='ltr'><strong>non</strong></span> <span class='ocrx_word' id='word_1_125' title='bbox 425 1784 466 1849; x_wconf 92' lang='lat' dir='ltr'><strong>ab</strong></span> <span class='ocrx_word' id='word_1_126' title='bbox 499 1783 799 1868; x_wconf 89' lang='lat' dir='ltr'><strong>condicionalibus,</strong></span> <span class='ocrx_word' id='word_1_127' title='bbox 833 1785 892 1850; x_wconf 88' lang='lat' dir='ltr'><strong>sed</strong></span> <span class='ocrx_word' id='word_1_128' title='bbox 915 1786 1026 1873; x_wconf 91' lang='lat' dir='ltr'><strong>potius</strong></span> <span class='ocrx_word' id='word_1_129' title='bbox 1050 1785 1296 1852; x_wconf 91' lang='lat' dir='ltr'><strong>condicionalia</strong></span> <span class='ocrx_word' id='word_1_130' title='bbox 1325 1789 1496 1851; x_wconf 89' lang='lat' dir='ltr'><strong>enuntiata</strong></span> <span class='ocrx_word' id='word_1_131' title='bbox 1525 1785 1566 1850; x_wconf 91' lang='lat' dir='ltr'><strong>ab</strong></span> <span class='ocrx_word' id='word_1_132' title='bbox 1591 1788 1748 1873; x_wconf 86' lang='lat' dir='ltr'><strong>optativis</strong></span> <span class='ocrx_word' id='word_1_133' title='bbox 1772 1786 1924 1875; x_wconf 87' lang='lat' dir='ltr'><strong>profecta</strong></span> 
     </span>
     <span class='ocr_line' id='line_1_13' title="bbox 224 1904 1923 1994; baseline 0.001 -24"><span class='ocrx_word' id='word_1_134' title='bbox 224 1928 316 1988; x_wconf 88' lang='lat' dir='ltr'><strong>esse,</strong></span> <span class='ocrx_word' id='word_1_135' title='bbox 346 1905 383 1970; x_wconf 90' lang='lat' dir='ltr'><strong>L.</strong></span> <span class='ocrx_word' id='word_1_136' title='bbox 416 1904 644 1989; x_wconf 73' lang='lat' dir='ltr'><strong>Langius***)</strong></span> <span class='ocrx_word' id='word_1_137' title='bbox 676 1905 838 1992; x_wconf 84' lang='lat' dir='ltr'><strong>exemplis</strong></span> <span class='ocrx_word' id='word_1_138' title='bbox 871 1906 1061 1971; x_wconf 88' lang='lat' dir='ltr'><strong>Homericis</strong></span> <span class='ocrx_word' id='word_1_139' title='bbox 1090 1905 1267 1991; x_wconf 85' lang='lat' dir='ltr'><strong>diligenter</strong></span> <span class='ocrx_word' id='word_1_140' title='bbox 1305 1907 1454 1972; x_wconf 86' lang='lat' dir='ltr'><strong>collectis</strong></span> <span class='ocrx_word' id='word_1_141' title='bbox 1484 1915 1516 1970; x_wconf 91' lang='lat' dir='ltr'><strong>et</strong></span> <span class='ocrx_word' id='word_1_142' title='bbox 1548 1908 1634 1970; x_wconf 92' lang='lat' dir='ltr'><strong>inter</strong></span> <span class='ocrx_word' id='word_1_143' title='bbox 1664 1930 1698 1971; x_wconf 92' lang='lat' dir='ltr'><strong>se</strong></span> <span class='ocrx_word' id='word_1_144' title='bbox 1723 1909 1923 1994; x_wconf 89' lang='lat' dir='ltr'><strong>comparatis</strong></span> 
     </span>
     <span class='ocr_line' id='line_1_14' title="bbox 225 2024 1923 2112; baseline 0.002 -23"><span class='ocrx_word' id='word_1_145' title='bbox 225 2026 304 2090; x_wconf 88' lang='lat' dir='ltr'><strong>satis</strong></span> <span class='ocrx_word' id='word_1_146' title='bbox 334 2026 511 2111; x_wconf 89' lang='lat' dir='ltr'><strong>perspicue</strong></span> <span class='ocrx_word' id='word_1_147' title='bbox 542 2037 706 2112; x_wconf 89' lang='lat' dir='ltr'><strong>acuteque</strong></span> <span class='ocrx_word' id='word_1_148' title='bbox 741 2024 989 2092; x_wconf 87' lang='lat' dir='ltr'><strong>demonstravit.</strong></span> <span class='ocrx_word' id='word_1_149' title='bbox 1034 2026 1167 2091; x_wconf 90' lang='lat' dir='ltr'><strong>Deinde</strong></span> <span class='ocrx_word' id='word_1_150' title='bbox 1200 2026 1322 2091; x_wconf 85' lang='lat' dir='ltr'><strong>Ahcnii</strong></span> <span class='ocrx_word' id='word_1_151' title='bbox 1355 2028 1552 2092; x_wconf 88' lang='lat' dir='ltr'><strong>sententiam</strong></span> <span class='ocrx_word' id='word_1_152' title='bbox 1582 2027 1691 2091; x_wconf 89' lang='lat' dir='ltr'><strong>multis</strong></span> <span class='ocrx_word' id='word_1_153' title='bbox 1711 2041 1744 2090; x_wconf 88' lang='grc'><strong>61</strong></span> <span class='ocrx_word' id='word_1_154' title='bbox 1767 2026 1923 2093; x_wconf 88' lang='lat' dir='ltr'><strong>dilucidis</strong></span> 
     </span>
     <span class='ocr_line' id='line_1_15' title="bbox 227 2143 1922 2233; baseline 0.002 -26"><span class='ocrx_word' id='word_1_155' title='bbox 227 2146 429 2229; x_wconf 85' lang='lat' dir='ltr'><strong>argumentis</strong></span> <span class='ocrx_word' id='word_1_156' title='bbox 460 2143 583 2208; x_wconf 88' lang='lat' dir='ltr'><strong>refellit</strong></span> <span class='ocrx_word' id='word_1_157' title='bbox 614 2145 854 2230; x_wconf 85' lang='lat' dir='ltr'><strong>Koppinus†),</strong></span> <span class='ocrx_word' id='word_1_158' title='bbox 886 2147 942 2232; x_wconf 94' lang='lat' dir='ltr'><strong>qui</strong></span> <span class='ocrx_word' id='word_1_159' title='bbox 974 2147 1007 2209; x_wconf 92' lang='lat' dir='ltr'><strong>in</strong></span> <span class='ocrx_word' id='word_1_160' title='bbox 1037 2145 1088 2211; x_wconf 89' lang='lat' dir='ltr'><strong>his</strong></span> <span class='ocrx_word' id='word_1_161' title='bbox 1118 2149 1296 2212; x_wconf 89' lang='lat' dir='ltr'><strong>enuntiatis</strong></span> <span class='ocrx_word' id='word_1_162' title='bbox 1327 2149 1492 2213; x_wconf 88' lang='lat' dir='ltr'><strong>actionem</strong></span> <span class='ocrx_word' id='word_1_163' title='bbox 1525 2149 1670 2233; x_wconf 85' lang='lat' dir='ltr'><strong>protasis</strong></span> <span class='ocrx_word' id='word_1_164' title='bbox 1701 2170 1780 2213; x_wconf 89' lang='lat' dir='ltr'><strong>vero</strong></span> <span class='ocrx_word' id='word_1_165' title='bbox 1813 2170 1922 2212; x_wconf 90' lang='lat' dir='ltr'><strong>rerum</strong></span> 
     </span>
     <span class='ocr_line' id='line_1_16' title="bbox 225 2266 1922 2355; baseline 0.001 -26"><span class='ocrx_word' id='word_1_166' title='bbox 225 2266 322 2329; x_wconf 89' lang='lat' dir='ltr'><strong>statui</strong></span> <span class='ocrx_word' id='word_1_167' title='bbox 356 2286 532 2330; x_wconf 91' lang='lat' dir='ltr'><strong>occurrere</strong></span> <span class='ocrx_word' id='word_1_168' title='bbox 563 2273 808 2351; x_wconf 89' lang='lat' dir='ltr'><strong>proptereaque</strong></span> <span class='ocrx_word' id='word_1_169' title='bbox 840 2287 906 2329; x_wconf 88' lang='lat' dir='ltr'><strong>non</strong></span> <span class='ocrx_word' id='word_1_170' title='bbox 938 2287 1009 2330; x_wconf 89' lang='lat' dir='ltr'><strong>esse</strong></span> <span class='ocrx_word' id='word_1_171' title='bbox 1042 2272 1234 2330; x_wconf 72' lang='lat' dir='ltr'><strong>eventuram</strong></span> <span class='ocrx_word' id='word_1_172' title='bbox 1258 2289 1366 2353; x_wconf 91' lang='lat' dir='ltr'><strong>neque</strong></span> <span class='ocrx_word' id='word_1_173' title='bbox 1390 2267 1587 2353; x_wconf 88' lang='lat' dir='ltr'><strong>imperfecto</strong></span> <span class='ocrx_word' id='word_1_174' title='bbox 1611 2276 1644 2330; x_wconf 89' lang='lat' dir='ltr'><strong>et</strong></span> <span class='ocrx_word' id='word_1_175' title='bbox 1667 2267 1789 2332; x_wconf 86' lang='lat' dir='ltr'><strong>aoristo</strong></span> <span class='ocrx_word' id='word_1_176' title='bbox 1812 2290 1922 2355; x_wconf 89' lang='lat' dir='ltr'><strong>neque</strong></span> 
     </span>
     <span class='ocr_line' id='line_1_17' title="bbox 224 2380 1922 2471; baseline 0.001 -24"><span class='ocrx_word' id='word_1_177' title='bbox 224 2380 453 2471; x_wconf 76' lang='lat' dir='ltr'><strong>particularia</strong></span> <span class='ocrx_word' id='word_1_178' title='bbox 487 2383 538 2449; x_wconf 90' lang='lat' dir='ltr'><strong>his</strong></span> <span class='ocrx_word' id='word_1_179' title='bbox 568 2382 775 2470; x_wconf 87' lang='lat' dir='ltr'><strong>temporibus</strong></span> <span class='ocrx_word' id='word_1_180' title='bbox 798 2383 912 2448; x_wconf 90' lang='lat' dir='ltr'><strong>addita</strong></span> <span class='ocrx_word' id='word_1_181' title='bbox 934 2386 1128 2470; x_wconf 87' lang='lat' dir='ltr'><strong>significari,</strong></span> <span class='ocrx_word' id='word_1_182' title='bbox 1152 2385 1211 2450; x_wconf 88' lang='lat' dir='ltr'><strong>sed</strong></span> <span class='ocrx_word' id='word_1_183' title='bbox 1234 2408 1278 2450; x_wconf 85' lang='lat' dir='ltr'><strong>ex</strong></span> <span class='ocrx_word' id='word_1_184' title='bbox 1301 2396 1368 2450; x_wconf 89' lang='lat' dir='ltr'><strong>toto</strong></span> <span class='ocrx_word' id='word_1_185' title='bbox 1393 2388 1630 2450; x_wconf 87' lang='lat' dir='ltr'><strong>sententiarum</strong></span> <span class='ocrx_word' id='word_1_186' title='bbox 1653 2410 1743 2451; x_wconf 84' lang='lat' dir='ltr'><strong>nexu</strong></span> <span class='ocrx_word' id='word_1_187' title='bbox 1767 2385 1922 2451; x_wconf 89' lang='lat' dir='ltr'><strong>concludi</strong></span> 
     </span>
     <span class='ocr_line' id='line_1_18' title="bbox 226 2502 1923 2592; baseline 0.004 -26"><span class='ocrx_word' id='word_1_188' title='bbox 226 2502 350 2568; x_wconf 90' lang='lat' dir='ltr'><strong>docuit.</strong></span> <span class='ocrx_word' id='word_1_189' title='bbox 397 2502 479 2590; x_wconf 84' lang='lat' dir='ltr'><strong>Ejus</strong></span> <span class='ocrx_word' id='word_1_190' title='bbox 512 2504 626 2590; x_wconf 92' lang='lat' dir='ltr'><strong>opinio</strong></span> <span class='ocrx_word' id='word_1_191' title='bbox 657 2503 736 2567; x_wconf 91' lang='lat' dir='ltr'><strong>mihi</strong></span> <span class='ocrx_word' id='word_1_192' title='bbox 767 2527 807 2569; x_wconf 93' lang='lat' dir='ltr'><strong>eo</strong></span> <span class='ocrx_word' id='word_1_193' title='bbox 831 2505 937 2588; x_wconf 87' lang='lat' dir='ltr'><strong>magis</strong></span> <span class='ocrx_word' id='word_1_194' title='bbox 960 2503 1101 2587; x_wconf 87' lang='lat' dir='ltr'><strong>arridet,</strong></span> <span class='ocrx_word' id='word_1_195' title='bbox 1135 2505 1224 2592; x_wconf 90' lang='lat' dir='ltr'><strong>quod</strong></span> <span class='ocrx_word' id='word_1_196' title='bbox 1255 2507 1353 2570; x_wconf 88' lang='lat' dir='ltr'><strong>etiam</strong></span> <span class='ocrx_word' id='word_1_197' title='bbox 1383 2507 1529 2592; x_wconf 88' lang='lat' dir='ltr'><strong>priorum</strong></span> <span class='ocrx_word' id='word_1_198' title='bbox 1562 2529 1720 2591; x_wconf 85' lang='lat' dir='ltr'><strong>generum</strong></span> <span class='ocrx_word' id='word_1_199' title='bbox 1751 2509 1923 2572; x_wconf 86' lang='lat' dir='ltr'><strong>enuntiata</strong></span> 
     </span>
     <span class='ocr_line' id='line_1_19' title="bbox 225 2622 1921 2713; baseline 0.002 -25"><span class='ocrx_word' id='word_1_200' title='bbox 225 2645 322 2709; x_wconf 92' lang='lat' dir='ltr'><strong>posse</strong></span> <span class='ocrx_word' id='word_1_201' title='bbox 347 2624 426 2709; x_wconf 93' lang='lat' dir='ltr'><strong>poni</strong></span> <span class='ocrx_word' id='word_1_202' title='bbox 451 2622 492 2687; x_wconf 88' lang='lat' dir='ltr'><strong>de</strong></span> <span class='ocrx_word' id='word_1_203' title='bbox 516 2622 716 2707; x_wconf 89' lang='lat' dir='ltr'><strong>actionibus,</strong></span> <span class='ocrx_word' id='word_1_204' title='bbox 749 2646 849 2712; x_wconf 35' lang='lat' dir='ltr'><strong>quas,</strong></span> <span class='ocrx_word' id='word_1_205' title='bbox 864 2632 1039 2689; x_wconf 87' lang='lat' dir='ltr'><strong>eventuras</strong></span> <span class='ocrx_word' id='word_1_206' title='bbox 1062 2648 1128 2690; x_wconf 91' lang='lat' dir='ltr'><strong>non</strong></span> <span class='ocrx_word' id='word_1_207' title='bbox 1153 2648 1225 2690; x_wconf 90' lang='lat' dir='ltr'><strong>esse</strong></span> <span class='ocrx_word' id='word_1_208' title='bbox 1249 2625 1302 2690; x_wconf 90' lang='lat' dir='ltr'><strong>vel</strong></span> <span class='ocrx_word' id='word_1_209' title='bbox 1325 2625 1367 2690; x_wconf 90' lang='lat' dir='ltr'><strong>ad</strong></span> <span class='ocrx_word' id='word_1_210' title='bbox 1391 2636 1544 2690; x_wconf 91' lang='lat' dir='ltr'><strong>eventum</strong></span> <span class='ocrx_word' id='word_1_211' title='bbox 1570 2625 1710 2713; x_wconf 88' lang='lat' dir='ltr'><strong>perduci</strong></span> <span class='ocrx_word' id='word_1_212' title='bbox 1733 2650 1800 2692; x_wconf 91' lang='lat' dir='ltr'><strong>non</strong></span> <span class='ocrx_word' id='word_1_213' title='bbox 1823 2649 1921 2713; x_wconf 90' lang='lat' dir='ltr'><strong>posse</strong></span> 
     </span>
     <span class='ocr_line' id='line_1_20' title="bbox 224 2741 1923 2834; baseline 0.004 -28"><span class='ocrx_word' id='word_1_214' title='bbox 224 2744 253 2808; x_wconf 89' lang='lat' dir='ltr'><strong>is</strong></span> <span class='ocrx_word' id='word_1_215' title='bbox 286 2745 342 2829; x_wconf 90' lang='lat' dir='ltr'><strong>qui</strong></span> <span class='ocrx_word' id='word_1_216' title='bbox 373 2741 528 2830; x_wconf 89' lang='lat' dir='ltr'><strong>loquatur</strong></span> <span class='ocrx_word' id='word_1_217' title='bbox 556 2767 621 2809; x_wconf 90' lang='lat' dir='ltr'><strong>non</strong></span> <span class='ocrx_word' id='word_1_218' title='bbox 653 2744 801 2829; x_wconf 87' lang='lat' dir='ltr'><strong>ignoret,</strong></span> <span class='ocrx_word' id='word_1_219' title='bbox 827 2744 896 2829; x_wconf 90' lang='lat' dir='ltr'><strong>jam</strong></span> <span class='ocrx_word' id='word_1_220' title='bbox 930 2767 1031 2830; x_wconf 89' lang='lat' dir='ltr'><strong>supra</strong></span> <span class='ocrx_word' id='word_1_221' title='bbox 1059 2745 1222 2827; x_wconf 91' lang='lat' dir='ltr'><strong>vidimus,</strong></span> <span class='ocrx_word' id='word_1_222' title='bbox 1256 2769 1364 2832; x_wconf 89' lang='lat' dir='ltr'><strong>neque</strong></span> <span class='ocrx_word' id='word_1_223' title='bbox 1391 2770 1526 2833; x_wconf 88' lang='lat' dir='ltr'><strong>prorsus</strong></span> <span class='ocrx_word' id='word_1_224' title='bbox 1550 2768 1688 2812; x_wconf 89' lang='lat' dir='ltr'><strong>necesse</strong></span> <span class='ocrx_word' id='word_1_225' title='bbox 1712 2744 1923 2834; x_wconf 66' lang='grc'><strong>661161161-</strong></span> 
     </span>
     <span class='ocr_line' id='line_1_21' title="bbox 221 2861 1922 2952; baseline 0.003 -26"><span class='ocrx_word' id='word_1_226' title='bbox 221 2862 355 2927; x_wconf 91' lang='lat' dir='ltr'><strong>ticulam</strong></span> <span class='ocrx_word' id='word_1_227' title='bbox 376 2861 487 2947; x_wconf 87' lang='lat' dir='ltr'><strong>verbis</strong></span> <span class='ocrx_word' id='word_1_228' title='bbox 506 2863 664 2950; x_wconf 89' lang='lat' dir='ltr'><strong>apodosis</strong></span> <span class='ocrx_word' id='word_1_229' title='bbox 687 2886 819 2950; x_wconf 86' lang='lat' dir='ltr'><strong>semper</strong></span> <span class='ocrx_word' id='word_1_230' title='bbox 838 2862 926 2927; x_wconf 90' lang='lat' dir='ltr'><strong>addi.</strong></span> <span class='ocrx_word' id='word_1_231' title='bbox 963 2865 1008 2928; x_wconf 85' lang='lat' dir='ltr'><strong>At</strong></span> <span class='ocrx_word' id='word_1_232' title='bbox 1031 2864 1110 2951; x_wconf 90' lang='lat' dir='ltr'><strong>quid</strong></span> <span class='ocrx_word' id='word_1_233' title='bbox 1134 2863 1175 2929; x_wconf 81' lang='grc' dir='ltr'><strong>ἄν</strong></span> <span class='ocrx_word' id='word_1_234' title='bbox 1194 2865 1358 2952; x_wconf 90' lang='lat' dir='ltr'><strong>particula</strong></span> <span class='ocrx_word' id='word_1_235' title='bbox 1376 2865 1488 2931; x_wconf 87' lang='lat' dir='ltr'><strong>verbis</strong></span> <span class='ocrx_word' id='word_1_236' title='bbox 1512 2865 1668 2952; x_wconf 87' lang='lat' dir='ltr'><strong>apodesis</strong></span> <span class='ocrx_word' id='word_1_237' title='bbox 1689 2866 1802 2931; x_wconf 90' lang='lat' dir='ltr'><strong>addita</strong></span> <span class='ocrx_word' id='word_1_238' title='bbox 1820 2868 1922 2952; x_wconf 92' lang='lat' dir='ltr'><strong>signi·</strong></span> 
     </span>
     <span class='ocr_line' id='line_1_22' title="bbox 222 2982 1920 3073; baseline 0.003 -27"><span class='ocrx_word' id='word_1_239' title='bbox 222 2982 319 3066; x_wconf 88' lang='lat' dir='ltr'><strong>ficet,</strong></span> <span class='ocrx_word' id='word_1_240' title='bbox 354 2992 390 3047; x_wconf 92' lang='lat' dir='ltr'><strong>ut</strong></span> <span class='ocrx_word' id='word_1_241' title='bbox 411 2985 649 3068; x_wconf 88' lang='lat' dir='ltr'><strong>investigemus</strong></span> <span class='ocrx_word' id='word_1_242' title='bbox 677 2993 790 3048; x_wconf 87' lang='lat' dir='ltr'><strong>restat.</strong></span> <span class='ocrx_word' id='word_1_243' title='bbox 835 2983 1152 3064; x_wconf 86' lang='lat' dir='ltr'><strong>Baeumleinius††)</strong></span> <span class='ocrx_word' id='word_1_244' title='bbox 1175 2984 1371 3072; x_wconf 89' lang='lat' dir='ltr'><strong>respondet:</strong></span> <span class='ocrx_word' id='word_1_245' title='bbox 1395 2985 1438 3051; x_wconf 79' lang='grc' dir='ltr'><strong>ἄν</strong></span> <span class='ocrx_word' id='word_1_246' title='bbox 1462 2988 1494 3050; x_wconf 89' lang='grc'><strong>111</strong></span> <span class='ocrx_word' id='word_1_247' title='bbox 1519 2985 1742 3073; x_wconf 85' lang='lat' dir='ltr'><strong>Verbindung</strong></span> <span class='ocrx_word' id='word_1_248' title='bbox 1764 2989 1823 3052; x_wconf 92' lang='lat' dir='ltr'><strong>mit</strong></span> <span class='ocrx_word' id='word_1_249' title='bbox 1846 2986 1920 3052; x_wconf 91' lang='lat' dir='ltr'><strong>dem</strong></span> 
     </span>
     <span class='ocr_line' id='line_1_23' title="bbox 222 3074 1920 3191; baseline 0.002 -25"><span class='ocrx_word' id='word_1_250' title='bbox 222 3101 390 3167; x_wconf 85' lang='lat' dir='ltr'><strong>Iudicativ</strong></span> <span class='ocrx_word' id='word_1_251' title='bbox 423 3101 482 3167; x_wconf 93' lang='grc'><strong>(161</strong></span> <span class='ocrx_word' id='word_1_252' title='bbox 504 3101 723 3168; x_wconf 84' lang='lat' dir='ltr'><strong>historischen</strong></span> <span class='ocrx_word' id='word_1_253' title='bbox 747 3102 951 3168; x_wconf 90' lang='lat' dir='ltr'><strong>Zeitformen</strong></span> <span class='ocrx_word' id='word_1_254' title='bbox 975 3102 1171 3169; x_wconf 86' lang='lat' dir='ltr'><strong>bezeichnet</strong></span> <span class='ocrx_word' id='word_1_255' title='bbox 1194 3104 1247 3169; x_wconf 89' lang='lat' dir='ltr'><strong>die</strong></span> <span class='ocrx_word' id='word_1_256' title='bbox 1272 3074 1420 3191; x_wconf 81' lang='lat' dir='ltr'><strong>Setaung</strong></span> <span class='ocrx_word' id='word_1_257' title='bbox 1442 3107 1533 3171; x_wconf 85' lang='lat' dir='ltr'><strong>eines</strong></span> <span class='ocrx_word' id='word_1_258' title='bbox 1557 3107 1730 3190; x_wconf 80' lang='lat' dir='ltr'><strong>Factunrs,</strong></span> <span class='ocrx_word' id='word_1_259' title='bbox 1764 3108 1824 3172; x_wconf 90' lang='grc'><strong>11111</strong></span> <span class='ocrx_word' id='word_1_260' title='bbox 1846 3105 1920 3171; x_wconf 90' lang='lat' dir='ltr'><strong>dem</strong></span> 
     </span>
     <span class='ocr_line' id='line_1_24' title="bbox 223 3219 1918 3312; baseline 0.002 -25"><span class='ocrx_word' id='word_1_261' title='bbox 223 3223 425 3309; x_wconf 79' lang='lat' dir='ltr'><strong>Oonjunctiv</strong></span> <span class='ocrx_word' id='word_1_262' title='bbox 455 3220 653 3287; x_wconf 83' lang='lat' dir='ltr'><strong>bezeichnet</strong></span> <span class='ocrx_word' id='word_1_263' title='bbox 682 3219 736 3285; x_wconf 88' lang='lat' dir='ltr'><strong>die</strong></span> <span class='ocrx_word' id='word_1_264' title='bbox 769 3222 916 3307; x_wconf 86' lang='lat' dir='ltr'><strong>Setaung</strong></span> <span class='ocrx_word' id='word_1_265' title='bbox 947 3225 1039 3289; x_wconf 88' lang='lat' dir='ltr'><strong>eines</strong></span> <span class='ocrx_word' id='word_1_266' title='bbox 1066 3223 1216 3288; x_wconf 80' lang='lat' dir='ltr'><strong>wirlrlieh</strong></span> <span class='ocrx_word' id='word_1_267' title='bbox 1239 3224 1472 3308; x_wconf 89' lang='lat' dir='ltr'><strong>Werdenden‚</strong></span> <span class='ocrx_word' id='word_1_268' title='bbox 1504 3227 1564 3289; x_wconf 91' lang='lat' dir='ltr'><strong>mit</strong></span> <span class='ocrx_word' id='word_1_269' title='bbox 1596 3224 1669 3289; x_wconf 89' lang='lat' dir='ltr'><strong>dem</strong></span> <span class='ocrx_word' id='word_1_270' title='bbox 1696 3225 1834 3312; x_wconf 88' lang='lat' dir='ltr'><strong>Optativ</strong></span> <span class='ocrx_word' id='word_1_271' title='bbox 1864 3226 1918 3291; x_wconf 91' lang='lat' dir='ltr'><strong>die</strong></span> 
     </span>
     <span class='ocr_line' id='line_1_25' title="bbox 224 3340 1919 3433; baseline 0.001 -25"><span class='ocrx_word' id='word_1_272' title='bbox 224 3343 388 3427; x_wconf 86' lang='lat' dir='ltr'><strong>Setzuug,</strong></span> <span class='ocrx_word' id='word_1_273' title='bbox 421 3340 498 3407; x_wconf 89' lang='lat' dir='ltr'><strong>dass</strong></span> <span class='ocrx_word' id='word_1_274' title='bbox 530 3343 584 3406; x_wconf 91' lang='lat' dir='ltr'><strong>ein</strong></span> <span class='ocrx_word' id='word_1_275' title='bbox 609 3340 820 3427; x_wconf 85' lang='lat' dir='ltr'><strong>Suhjeetives</strong></span> <span class='ocrx_word' id='word_1_276' title='bbox 849 3343 1002 3408; x_wconf 86' lang='lat' dir='ltr'><strong>wirhlich</strong></span> <span class='ocrx_word' id='word_1_277' title='bbox 1032 3345 1100 3427; x_wconf 90' lang='grc'><strong>661,</strong></span> <span class='ocrx_word' id='word_1_278' title='bbox 1134 3368 1218 3432; x_wconf 88' lang='lat' dir='ltr'><strong>quae</strong></span> <span class='ocrx_word' id='word_1_279' title='bbox 1249 3346 1414 3410; x_wconf 89' lang='lat' dir='ltr'><strong>sententia</strong></span> <span class='ocrx_word' id='word_1_280' title='bbox 1437 3344 1523 3409; x_wconf 84' lang='lat' dir='ltr'><strong>mihi</strong></span> <span class='ocrx_word' id='word_1_281' title='bbox 1557 3369 1622 3410; x_wconf 89' lang='lat' dir='ltr'><strong>non</strong></span> <span class='ocrx_word' id='word_1_282' title='bbox 1647 3345 1825 3433; x_wconf 88' lang='lat' dir='ltr'><strong>probatur,</strong></span> <span class='ocrx_word' id='word_1_283' title='bbox 1860 3346 1919 3412; x_wconf 91' lang='lat' dir='ltr'><strong>sed</strong></span> 
     </span>
     <span class='ocr_line' id='line_1_26' title="bbox 221 3460 1920 3554; baseline 0.002 -27"><span class='ocrx_word' id='word_1_284' title='bbox 221 3462 365 3527; x_wconf 86' lang='lat' dir='ltr'><strong>maxime</strong></span> <span class='ocrx_word' id='word_1_285' title='bbox 397 3460 479 3525; x_wconf 93' lang='lat' dir='ltr'><strong>mihi</strong></span> <span class='ocrx_word' id='word_1_286' title='bbox 502 3462 780 3541; x_wconf 85' lang='lat' dir='ltr'><strong>Hermanni†††)</strong></span> <span class='ocrx_word' id='word_1_287' title='bbox 810 3463 974 3527; x_wconf 88' lang='lat' dir='ltr'><strong>sententia</strong></span> <span class='ocrx_word' id='word_1_288' title='bbox 996 3463 1126 3551; x_wconf 89' lang='lat' dir='ltr'><strong>placet,</strong></span> <span class='ocrx_word' id='word_1_289' title='bbox 1157 3466 1251 3550; x_wconf 89' lang='lat' dir='ltr'><strong>cujus</strong></span> <span class='ocrx_word' id='word_1_290' title='bbox 1270 3466 1339 3552; x_wconf 85' lang='lat' dir='ltr'><strong>jam</strong></span> <span class='ocrx_word' id='word_1_291' title='bbox 1364 3487 1464 3552; x_wconf 90' lang='lat' dir='ltr'><strong>supra</strong></span> <span class='ocrx_word' id='word_1_292' title='bbox 1486 3466 1610 3530; x_wconf 89' lang='lat' dir='ltr'><strong>mentio</strong></span> <span class='ocrx_word' id='word_1_293' title='bbox 1634 3466 1723 3532; x_wconf 87' lang='lat' dir='ltr'><strong>facta</strong></span> <span class='ocrx_word' id='word_1_294' title='bbox 1746 3476 1813 3549; x_wconf 92' lang='grc'><strong>661,</strong></span> <span class='ocrx_word' id='word_1_295' title='bbox 1847 3489 1920 3554; x_wconf 89' lang='lat' dir='ltr'><strong>par·</strong></span> 
     </span>
     <span class='ocr_line' id='line_1_27' title="bbox 222 3579 1918 3673; baseline 0.003 -28"><span class='ocrx_word' id='word_1_296' title='bbox 222 3581 342 3645; x_wconf 90' lang='lat' dir='ltr'><strong>ticulae</strong></span> <span class='ocrx_word' id='word_1_297' title='bbox 366 3579 407 3644; x_wconf 81' lang='grc' dir='ltr'><strong>ἅν</strong></span> <span class='ocrx_word' id='word_1_298' title='bbox 430 3603 501 3645; x_wconf 85' lang='grc'><strong>66111</strong></span> <span class='ocrx_word' id='word_1_299' title='bbox 526 3579 652 3667; x_wconf 92' lang='lat' dir='ltr'><strong>ubique</strong></span> <span class='ocrx_word' id='word_1_300' title='bbox 676 3583 742 3646; x_wconf 91' lang='lat' dir='ltr'><strong>vim</strong></span> <span class='ocrx_word' id='word_1_301' title='bbox 763 3604 847 3665; x_wconf 87' lang='lat' dir='ltr'><strong>esse,</strong></span> <span class='ocrx_word' id='word_1_302' title='bbox 871 3593 907 3647; x_wconf 91' lang='lat' dir='ltr'><strong>ut</strong></span> <span class='ocrx_word' id='word_1_303' title='bbox 930 3582 972 3647; x_wconf 91' lang='lat' dir='ltr'><strong>ad</strong></span> <span class='ocrx_word' id='word_1_304' title='bbox 988 3583 1220 3649; x_wconf 90' lang='lat' dir='ltr'><strong>condicionem</strong></span> <span class='ocrx_word' id='word_1_305' title='bbox 1236 3584 1416 3667; x_wconf 83' lang='lat' dir='ltr'><strong>referatur3</strong></span> <span class='ocrx_word' id='word_1_306' title='bbox 1441 3607 1539 3671; x_wconf 89' lang='lat' dir='ltr'><strong>quam</strong></span> <span class='ocrx_word' id='word_1_307' title='bbox 1560 3585 1792 3651; x_wconf 89' lang='lat' dir='ltr'><strong>condicionem</strong></span> <span class='ocrx_word' id='word_1_308' title='bbox 1817 3608 1918 3673; x_wconf 91' lang='lat' dir='ltr'><strong>saepe</strong></span> 
     </span>
     <span class='ocr_line' id='line_1_28' title="bbox 222 3697 1917 3787; baseline 0.004 -23"><span class='ocrx_word' id='word_1_309' title='bbox 222 3699 371 3785; x_wconf 89' lang='lat' dir='ltr'><strong>adjungi,</strong></span> <span class='ocrx_word' id='word_1_310' title='bbox 389 3697 445 3763; x_wconf 90' lang='lat' dir='ltr'><strong>ubi</strong></span> <span class='ocrx_word' id='word_1_311' title='bbox 463 3724 528 3765; x_wconf 90' lang='lat' dir='ltr'><strong>non</strong></span> <span class='ocrx_word' id='word_1_312' title='bbox 546 3703 588 3764; x_wconf 89' lang='lat' dir='ltr'><strong>sit</strong></span> <span class='ocrx_word' id='word_1_313' title='bbox 603 3699 728 3782; x_wconf 89' lang='lat' dir='ltr'><strong>addita,</strong></span> <span class='ocrx_word' id='word_1_314' title='bbox 746 3711 855 3766; x_wconf 89' lang='lat' dir='ltr'><strong>tamen</strong></span> <span class='ocrx_word' id='word_1_315' title='bbox 875 3703 1015 3787; x_wconf 88' lang='lat' dir='ltr'><strong>cogitari</strong></span> <span class='ocrx_word' id='word_1_316' title='bbox 1028 3701 1162 3767; x_wconf 89' lang='lat' dir='ltr'><strong>debere.</strong></span> <span class='ocrx_word' id='word_1_317' title='bbox 1201 3704 1307 3769; x_wconf 89' lang='lat' dir='ltr'><strong>Simili</strong></span> <span class='ocrx_word' id='word_1_318' title='bbox 1327 3704 1397 3768; x_wconf 90' lang='lat' dir='ltr'><strong>fere</strong></span> <span class='ocrx_word' id='word_1_319' title='bbox 1417 3703 1515 3769; x_wconf 92' lang='lat' dir='ltr'><strong>modo</strong></span> <span class='ocrx_word' id='word_1_320' title='bbox 1527 3703 1626 3770; x_wconf 89' lang='lat' dir='ltr'><strong>docet</strong></span> <span class='ocrx_word' id='word_1_321' title='bbox 1636 3705 1834 3771; x_wconf 85' lang='lat' dir='ltr'><strong>Kuehnerus</strong></span> <span class='ocrx_word' id='word_1_322' title='bbox 1845 3707 1917 3787; x_wconf 82' lang='lat'><strong>*†):</strong></span> 
     </span>
     <span class='ocr_line' id='line_1_29' title="bbox 223 3817 1921 3910; baseline 0.003 -25"><span class='ocrx_word' id='word_1_323' title='bbox 223 3821 279 3886; x_wconf 82' lang='lat' dir='ltr'><strong>sie</strong></span> <span class='ocrx_word' id='word_1_324' title='bbox 309 3821 345 3899; x_wconf 91' lang='lat' dir='ltr'><strong>(i.</strong></span> <span class='ocrx_word' id='word_1_325' title='bbox 369 3842 399 3884; x_wconf 91' lang='grc'><strong>6.</strong></span> <span class='ocrx_word' id='word_1_326' title='bbox 423 3827 479 3883; x_wconf 74' lang='grc' dir='ltr'><strong>κέν</strong></span> <span class='ocrx_word' id='word_1_327' title='bbox 509 3819 576 3883; x_wconf 91' lang='lat' dir='ltr'><strong>und</strong></span> <span class='ocrx_word' id='word_1_328' title='bbox 609 3817 662 3895; x_wconf 80' lang='grc' dir='ltr'><strong>ἅν)</strong></span> <span class='ocrx_word' id='word_1_329' title='bbox 694 3819 803 3906; x_wconf 89' lang='lat' dir='ltr'><strong>gehen</strong></span> <span class='ocrx_word' id='word_1_330' title='bbox 834 3818 893 3886; x_wconf 89' lang='lat' dir='ltr'><strong>das</strong></span> <span class='ocrx_word' id='word_1_331' title='bbox 916 3820 1106 3887; x_wconf 74' lang='lat' dir='ltr'><strong>Verbaltnis</strong></span> <span class='ocrx_word' id='word_1_332' title='bbox 1130 3824 1223 3887; x_wconf 89' lang='lat' dir='ltr'><strong>einer</strong></span> <span class='ocrx_word' id='word_1_333' title='bbox 1245 3822 1426 3909; x_wconf 89' lang='lat' dir='ltr'><strong>bedingten</strong></span> <span class='ocrx_word' id='word_1_334' title='bbox 1450 3824 1603 3910; x_wconf 86' lang='lat' dir='ltr'><strong>Aussage</strong></span> <span class='ocrx_word' id='word_1_335' title='bbox 1627 3848 1666 3889; x_wconf 85' lang='lat' dir='ltr'><strong>au</strong></span> <span class='ocrx_word' id='word_1_336' title='bbox 1691 3825 1784 3889; x_wconf 90' lang='lat' dir='ltr'><strong>einer</strong></span> <span class='ocrx_word' id='word_1_337' title='bbox 1805 3823 1921 3890; x_wconf 88' lang='lat' dir='ltr'><strong>hedin-</strong></span> 
     </span>
     <span class='ocr_line' id='line_1_30' title="bbox 221 3939 1919 4025; baseline 0.003 -21"><span class='ocrx_word' id='word_1_338' title='bbox 221 3939 354 4025; x_wconf 90' lang='lat' dir='ltr'><strong>genden</strong></span> <span class='ocrx_word' id='word_1_339' title='bbox 377 3962 432 4019; x_wconf 91' lang='lat' dir='ltr'><strong>an,</strong></span> <span class='ocrx_word' id='word_1_340' title='bbox 455 3939 567 4004; x_wconf 89' lang='lat' dir='ltr'><strong>indem</strong></span> <span class='ocrx_word' id='word_1_341' title='bbox 592 3942 640 4004; x_wconf 88' lang='lat' dir='ltr'><strong>sic</strong></span> <span class='ocrx_word' id='word_1_342' title='bbox 663 3941 837 4024; x_wconf 85' lang='lat' dir='ltr'><strong>anzeigen,</strong></span> <span class='ocrx_word' id='word_1_343' title='bbox 863 3939 938 4006; x_wconf 87' lang='lat' dir='ltr'><strong>dass</strong></span> <span class='ocrx_word' id='word_1_344' title='bbox 962 3940 1021 4006; x_wconf 89' lang='lat' dir='ltr'><strong>das</strong></span> <span class='ocrx_word' id='word_1_345' title='bbox 1045 3944 1104 4007; x_wconf 87' lang='lat' dir='ltr'><strong>mit</strong></span> <span class='ocrx_word' id='word_1_346' title='bbox 1125 3941 1192 4006; x_wconf 91' lang='lat' dir='ltr'><strong>ihm</strong></span> <span class='ocrx_word' id='word_1_347' title='bbox 1216 3941 1432 4008; x_wconf 90' lang='lat' dir='ltr'><strong>verbundene</strong></span> <span class='ocrx_word' id='word_1_348' title='bbox 1456 3942 1618 4008; x_wconf 76' lang='lat' dir='ltr'><strong>Prndikat</strong></span> <span class='ocrx_word' id='word_1_349' title='bbox 1640 3943 1699 4009; x_wconf 90' lang='lat' dir='ltr'><strong>des</strong></span> <span class='ocrx_word' id='word_1_350' title='bbox 1715 3944 1831 4011; x_wconf 87' lang='lat' dir='ltr'><strong>Satzes</strong></span> <span class='ocrx_word' id='word_1_351' title='bbox 1853 3968 1919 4011; x_wconf 92' lang='lat' dir='ltr'><strong>von</strong></span> 
     </span>
     <span class='ocr_line' id='line_1_31' title="bbox 221 4058 1918 4149; baseline 0.004 -26"><span class='ocrx_word' id='word_1_352' title='bbox 221 4058 340 4143; x_wconf 89' lang='lat' dir='ltr'><strong>irgend</strong></span> <span class='ocrx_word' id='word_1_353' title='bbox 373 4061 481 4124; x_wconf 90' lang='lat' dir='ltr'><strong>einem</strong></span> <span class='ocrx_word' id='word_1_354' title='bbox 505 4059 689 4125; x_wconf 90' lang='lat' dir='ltr'><strong>Umstande</strong></span> <span class='ocrx_word' id='word_1_355' title='bbox 721 4058 891 4145; x_wconf 78' lang='lat' dir='ltr'><strong>abb&#39;angig</strong></span> <span class='ocrx_word' id='word_1_356' title='bbox 921 4059 990 4125; x_wconf 89' lang='lat' dir='ltr'><strong>und</strong></span> <span class='ocrx_word' id='word_1_357' title='bbox 1015 4061 1118 4127; x_wconf 92' lang='lat' dir='ltr'><strong>durch</strong></span> <span class='ocrx_word' id='word_1_358' title='bbox 1142 4061 1324 4127; x_wconf 89' lang='lat' dir='ltr'><strong>denselben</strong></span> <span class='ocrx_word' id='word_1_359' title='bbox 1347 4061 1489 4149; x_wconf 86' lang='lat' dir='ltr'><strong>bedingt</strong></span> <span class='ocrx_word' id='word_1_360' title='bbox 1511 4065 1570 4129; x_wconf 91' lang='lat' dir='ltr'><strong>sei.</strong></span> <span class='ocrx_word' id='word_1_361' title='bbox 1620 4062 1787 4148; x_wconf 87' lang='lat' dir='ltr'><strong>[leberall,</strong></span> <span class='ocrx_word' id='word_1_362' title='bbox 1807 4088 1857 4129; x_wconf 90' lang='lat' dir='ltr'><strong>wo</strong></span> <span class='ocrx_word' id='word_1_363' title='bbox 1883 4087 1918 4130; x_wconf 89' lang='lat' dir='ltr'><strong>es</strong></span> 
     </span>
    </p>
   </div>
   <div class='ocr_carea' id='block_1_3' title="bbox 222 4229 1919 4724">
    <p class='ocr_par' dir='ltr' id='par_1_3' title="bbox 376 4229 641 4292">
     <span class='ocr_line' id='line_1_32' title="bbox 376 4229 641 4292; baseline 0 -12"><span class='ocrx_word' id='word_1_364' title='bbox 376 4229 401 4288; x_wconf 82' lang='lat' dir='ltr'><strong>*l</strong></span> <span class='ocrx_word' id='word_1_365' title='bbox 419 4231 437 4281; x_wconf 90' lang='lat' dir='ltr'><strong>l.</strong></span> <span class='ocrx_word' id='word_1_366' title='bbox 457 4250 479 4283; x_wconf 92' lang='lat' dir='ltr'><strong>c.</strong></span> <span class='ocrx_word' id='word_1_367' title='bbox 497 4235 513 4292; x_wconf 65' lang='grc'><strong>1</strong></span> <span class='ocrx_word' id='word_1_368' title='bbox 531 4231 641 4281; x_wconf 55' lang='grc'><strong>62411,</strong></span> 
     </span>
    </p>

    <p class='ocr_par' dir='ltr' id='par_1_4' title="bbox 376 4314 719 4384">
     <span class='ocr_line' id='line_1_33' title="bbox 376 4314 719 4384; baseline 0.003 -19"><span class='ocrx_word' id='word_1_369' title='bbox 376 4314 454 4380; x_wconf 78' lang='grc'><strong>**)1.</strong></span> <span class='ocrx_word' id='word_1_370' title='bbox 473 4334 496 4366; x_wconf 88' lang='lat' dir='ltr'><strong>c.</strong></span> <span class='ocrx_word' id='word_1_371' title='bbox 516 4335 574 4384; x_wconf 86' lang='lat' dir='ltr'><strong>pag.</strong></span> <span class='ocrx_word' id='word_1_372' title='bbox 595 4317 642 4367; x_wconf 80' lang='lat'><strong>127</strong></span> <span class='ocrx_word' id='word_1_373' title='bbox 662 4335 719 4382; x_wconf 92' lang='lat' dir='ltr'><strong>sqq.</strong></span> 
     </span>
    </p>

    <p class='ocr_par' dir='ltr' id='par_1_5' title="bbox 223 4400 1919 4553">
     <span class='ocr_line' id='line_1_34' title="bbox 376 4400 1919 4471; baseline 0.003 -20"><span class='ocrx_word' id='word_1_374' title='bbox 376 4400 432 4462; x_wconf 63' lang='lat' dir='ltr'><strong>aas)</strong></span> <span class='ocrx_word' id='word_1_375' title='bbox 453 4403 499 4452; x_wconf 86' lang='lat' dir='ltr'><strong>der</strong></span> <span class='ocrx_word' id='word_1_376' title='bbox 522 4403 687 4452; x_wconf 85' lang='lat' dir='ltr'><strong>lromcrischc</strong></span> <span class='ocrx_word' id='word_1_377' title='bbox 707 4403 848 4453; x_wconf 80' lang='lat' dir='ltr'><strong>Gebrauch</strong></span> <span class='ocrx_word' id='word_1_378' title='bbox 872 4406 919 4454; x_wconf 88' lang='grc'><strong>(161</strong></span> <span class='ocrx_word' id='word_1_379' title='bbox 937 4405 1057 4454; x_wconf 77' lang='lat' dir='ltr'><strong>Partilrol</strong></span> <span class='ocrx_word' id='word_1_380' title='bbox 1082 4404 1115 4455; x_wconf 79' lang='lat' dir='ltr'><strong>ei.</strong></span> <span class='ocrx_word' id='word_1_381' title='bbox 1159 4407 1270 4471; x_wconf 80' lang='lat' dir='ltr'><strong>Leipzig</strong></span> <span class='ocrx_word' id='word_1_382' title='bbox 1292 4405 1357 4454; x_wconf 74' lang='lat'><strong>1872</strong></span> <span class='ocrx_word' id='word_1_383' title='bbox 1382 4407 1408 4455; x_wconf 93' lang='lat' dir='ltr'><strong>in</strong></span> <span class='ocrx_word' id='word_1_384' title='bbox 1434 4407 1481 4455; x_wconf 79' lang='lat' dir='ltr'><strong>der</strong></span> <span class='ocrx_word' id='word_1_385' title='bbox 1500 4405 1579 4456; x_wconf 76' lang='lat' dir='ltr'><strong>Abth.</strong></span> <span class='ocrx_word' id='word_1_386' title='bbox 1605 4408 1652 4456; x_wconf 84' lang='grc'><strong>(161·</strong></span> <span class='ocrx_word' id='word_1_387' title='bbox 1669 4405 1808 4471; x_wconf 82' lang='lat' dir='ltr'><strong>phil-hist.</strong></span> <span class='ocrx_word' id='word_1_388' title='bbox 1828 4407 1919 4456; x_wconf 82' lang='lat' dir='ltr'><strong>Classe</strong></span> 
     </span>
     <span class='ocr_line' id='line_1_35' title="bbox 223 4486 1222 4553; baseline 0.003 -18"><span class='ocrx_word' id='word_1_389' title='bbox 223 4487 268 4535; x_wconf 87' lang='lat' dir='ltr'><strong>der</strong></span> <span class='ocrx_word' id='word_1_390' title='bbox 286 4486 386 4553; x_wconf 75' lang='lat' dir='ltr'><strong>kenigl.</strong></span> <span class='ocrx_word' id='word_1_391' title='bbox 406 4488 578 4538; x_wconf 79' lang='lat' dir='ltr'><strong>siicheischen</strong></span> <span class='ocrx_word' id='word_1_392' title='bbox 597 4487 777 4539; x_wconf 82' lang='lat' dir='ltr'><strong>Gesellschaft</strong></span> <span class='ocrx_word' id='word_1_393' title='bbox 795 4486 842 4538; x_wconf 87' lang='lat' dir='ltr'><strong>der</strong></span> <span class='ocrx_word' id='word_1_394' title='bbox 860 4489 1090 4538; x_wconf 69' lang='lat' dir='ltr'><strong>wissenschaften</strong></span> <span class='ocrx_word' id='word_1_395' title='bbox 1109 4490 1157 4538; x_wconf 88' lang='lat' dir='ltr'><strong>Bd.</strong></span> <span class='ocrx_word' id='word_1_396' title='bbox 1178 4491 1222 4538; x_wconf 90' lang='lat' dir='ltr'><strong>Vl.</strong></span> 
     </span>
    </p>

    <p class='ocr_par' dir='ltr' id='par_1_6' title="bbox 222 4572 1917 4724">
     <span class='ocr_line' id='line_1_36' title="bbox 374 4572 1917 4642; baseline 0.001 -19"><span class='ocrx_word' id='word_1_397' title='bbox 374 4572 402 4635; x_wconf 84' lang='lat'><strong>†)</strong></span> <span class='ocrx_word' id='word_1_398' title='bbox 421 4572 502 4624; x_wconf 84' lang='lat' dir='ltr'><strong>Gieht</strong></span> <span class='ocrx_word' id='word_1_399' title='bbox 520 4589 549 4623; x_wconf 87' lang='lat' dir='ltr'><strong>es</strong></span> <span class='ocrx_word' id='word_1_400' title='bbox 567 4575 594 4622; x_wconf 90' lang='lat' dir='ltr'><strong>in</strong></span> <span class='ocrx_word' id='word_1_401' title='bbox 613 4574 660 4623; x_wconf 86' lang='lat' dir='ltr'><strong>der</strong></span> <span class='ocrx_word' id='word_1_402' title='bbox 678 4574 861 4639; x_wconf 86' lang='lat' dir='ltr'><strong>griechischen</strong></span> <span class='ocrx_word' id='word_1_403' title='bbox 882 4573 998 4639; x_wconf 77' lang='lat' dir='ltr'><strong>Sprache</strong></span> <span class='ocrx_word' id='word_1_404' title='bbox 1023 4575 1102 4622; x_wconf 86' lang='lat' dir='ltr'><strong>einen</strong></span> <span class='ocrx_word' id='word_1_405' title='bbox 1131 4576 1243 4632; x_wconf 80' lang='lat' dir='ltr'><strong>„modus</strong></span> <span class='ocrx_word' id='word_1_406' title='bbox 1263 4574 1401 4624; x_wconf 80' lang='lat' dir='ltr'><strong>irrealis“?</strong></span> <span class='ocrx_word' id='word_1_407' title='bbox 1426 4576 1453 4623; x_wconf 90' lang='grc'><strong>111</strong></span> <span class='ocrx_word' id='word_1_408' title='bbox 1472 4575 1519 4624; x_wconf 88' lang='grc'><strong>(161</strong></span> <span class='ocrx_word' id='word_1_409' title='bbox 1537 4575 1691 4625; x_wconf 71' lang='grc' dir='ltr'><strong>Ζ61166111111</strong></span> <span class='ocrx_word' id='word_1_410' title='bbox 1709 4577 1752 4625; x_wconf 86' lang='lat' dir='ltr'><strong>srir</strong></span> <span class='ocrx_word' id='word_1_411' title='bbox 1770 4578 1817 4627; x_wconf 85' lang='lat' dir='ltr'><strong>dae</strong></span> <span class='ocrx_word' id='word_1_412' title='bbox 1836 4577 1917 4642; x_wconf 69' lang='lat' dir='ltr'><strong>Gym-</strong></span> 
     </span>
     <span class='ocr_line' id='line_1_37' title="bbox 222 4657 1064 4724; baseline 0 -18"><span class='ocrx_word' id='word_1_413' title='bbox 222 4658 407 4708; x_wconf 79' lang='lat' dir='ltr'><strong>nasialwcsen.</strong></span> <span class='ocrx_word' id='word_1_414' title='bbox 444 4659 492 4708; x_wconf 80' lang='lat' dir='ltr'><strong>Bu.</strong></span> <span class='ocrx_word' id='word_1_415' title='bbox 512 4659 623 4715; x_wconf 80' lang='lat' dir='ltr'><strong>XXVII,</strong></span> <span class='ocrx_word' id='word_1_416' title='bbox 643 4675 701 4723; x_wconf 87' lang='lat' dir='ltr'><strong>pag.</strong></span> <span class='ocrx_word' id='word_1_417' title='bbox 723 4657 732 4706; x_wconf 92' lang='grc'><strong>1</strong></span> <span class='ocrx_word' id='word_1_418' title='bbox 755 4675 812 4724; x_wconf 83' lang='lat' dir='ltr'><strong>sqq.</strong></span> <span class='ocrx_word' id='word_1_419' title='bbox 832 4665 859 4708; x_wconf 91' lang='grc'><strong>61</strong></span> <span class='ocrx_word' id='word_1_420' title='bbox 877 4675 936 4723; x_wconf 86' lang='lat' dir='ltr'><strong>pag.</strong></span> <span class='ocrx_word' id='word_1_421' title='bbox 955 4657 987 4705; x_wconf 89' lang='lat'><strong>97</strong></span> <span class='ocrx_word' id='word_1_422' title='bbox 1007 4675 1064 4722; x_wconf 86' lang='lat' dir='ltr'><strong>sqq.</strong></span> 
     </span>
    </p>
   </div>
   <div class='ocr_carea' id='block_1_4' title="bbox 375 4741 684 4978">
    <p class='ocr_par' dir='ltr' id='par_1_7' title="bbox 375 4741 684 4978">
     <span class='ocr_line' id='line_1_38' title="bbox 375 4741 636 4808; baseline 0 -17"><span class='ocrx_word' id='word_1_423' title='bbox 375 4742 420 4805; x_wconf 79' lang='grc'><strong>11)</strong></span> <span class='ocrx_word' id='word_1_424' title='bbox 440 4743 455 4791; x_wconf 95' lang='lat' dir='ltr'><strong>l.</strong></span> <span class='ocrx_word' id='word_1_425' title='bbox 476 4760 497 4792; x_wconf 93' lang='lat' dir='ltr'><strong>c.</strong></span> <span class='ocrx_word' id='word_1_426' title='bbox 516 4759 576 4808; x_wconf 88' lang='lat' dir='ltr'><strong>pag.</strong></span> <span class='ocrx_word' id='word_1_427' title='bbox 595 4741 636 4792; x_wconf 82' lang='lat'><strong>85.</strong></span> 
     </span>
     <span class='ocr_line' id='line_1_39' title="bbox 375 4827 638 4893; baseline -0.004 -16"><span class='ocrx_word' id='word_1_428' title='bbox 375 4827 438 4890; x_wconf 78' lang='grc'><strong>111)</strong></span> <span class='ocrx_word' id='word_1_429' title='bbox 457 4828 474 4877; x_wconf 90' lang='lat' dir='ltr'><strong>l.</strong></span> <span class='ocrx_word' id='word_1_430' title='bbox 494 4845 516 4877; x_wconf 93' lang='grc'><strong>6.</strong></span> <span class='ocrx_word' id='word_1_431' title='bbox 535 4844 595 4893; x_wconf 85' lang='lat' dir='ltr'><strong>pag.</strong></span> <span class='ocrx_word' id='word_1_432' title='bbox 614 4827 638 4876; x_wconf 89' lang='lat'><strong>6.</strong></span> 
     </span>
     <span class='ocr_line' id='line_1_40' title="bbox 375 4911 684 4978; baseline 0 -16"><span class='ocrx_word' id='word_1_433' title='bbox 375 4911 419 4975; x_wconf 78' lang='lat'><strong>*†)</strong></span> <span class='ocrx_word' id='word_1_434' title='bbox 438 4930 475 4978; x_wconf 87' lang='lat' dir='ltr'><strong>gr.</strong></span> <span class='ocrx_word' id='word_1_435' title='bbox 494 4914 529 4965; x_wconf 92' lang='lat'><strong>11.</strong></span> <span class='ocrx_word' id='word_1_436' title='bbox 547 4930 606 4978; x_wconf 86' lang='lat' dir='ltr'><strong>pag.</strong></span> <span class='ocrx_word' id='word_1_437' title='bbox 627 4911 684 4962; x_wconf 80' lang='lat'><strong>169.</strong></span> 
     </span>
    </p>
   </div>
   <div class='ocr_carea' id='block_1_5' title="bbox 0 0 2146 5572">
    <p class='ocr_par' dir='ltr' id='par_1_8' title="bbox 0 0 2146 5572">
     <span class='ocr_line' id='line_1_41' title="bbox 0 0 2146 5572; baseline 0 1"><span class='ocrx_word' id='word_1_438' title='bbox 0 0 2146 5572; x_wconf 95' lang='lat' dir='ltr'><strong> </strong></span> 
     </span>
    </p>
   </div>
  </div>
 </body>
</html>
