4284 5572
222 422 268 490 12

221 621 389 706 ὑμετέρων
399 647 409 697 ,·
454 615 621 704 Equidem
654 615 847 703 intellegere
880 640 946 684 non
978 640 1124 706 possum,
1157 641 1217 682 cur
1247 616 1310 684 hoc
1340 615 1414 684 loco
1443 628 1607 684 oratorem
1632 617 1808 705 impulsum
1840 639 1913 684 esse

221 738 387 822 credatur,
412 747 448 802 ut
469 736 511 802 ἄν
534 736 698 824 particula
711 738 834 804 omissa
849 736 891 804 ab
906 736 1092 803 urbanitate
1106 740 1268 804 sermonis
1283 735 1467 819 recederet,
1491 737 1549 802 sed
1569 740 1754 824 putaverim
1773 735 1814 804 ἄν
1834 761 1914 803 casu

221 858 406 941 excidisse,
447 880 545 945 quarn
583 856 736 924 voculam
771 868 846 945 post
880 881 996 923 vocem
1032 850 1091 924 cdv
1129 857 1285 923 facillime
1324 858 1429 923 omitti
1468 859 1614 944 potuisse
1654 859 1728 944 quis
1766 868 1816 924 est
1857 859 1914 945 qui

222 1003 289 1044 non
324 977 454 1061 videat,
500 1000 574 1042 cunr
614 980 808 1064 praesertim
845 977 880 1042 id
917 980 1123 1065 potissimum
1161 979 1277 1043 vitium
1309 978 1344 1042 in
1375 976 1549 1042 codicibus
1577 978 1663 1043 lsaei
1696 976 1910 1061 observatur,

224 1099 420 1186 saepissime
443 1097 573 1183 singula
595 1095 701 1162 verba
725 1097 902 1162 excidisse.
948 1099 1102 1163 Fortasse
1129 1109 1250 1179 autem,
1279 1108 1315 1161 ut
1345 1095 1577 1172 Gebauerus*)
1607 1097 1722 1181 voluit,
1752 1097 1845 1164 locus
1871 1100 1917 1163 ita

225 1217 392 1284 sanandus
415 1228 483 1300 est,
515 1227 640 1284 utnon
663 1217 804 1283 addatur
826 1215 885 1299 ἄν,
918 1217 975 1283 sed
1001 1241 1060 1305 pro
1084 1210 1144 1283 mlv
1167 1217 1287 1284 vocula
1309 1217 1349 1282 ἅν
1371 1216 1568 1304 particulam
1599 1215 1794 1300 scribamus,
1827 1217 1918 1305 quod

223 1331 284 1404 cdv
309 1361 375 1403 non
398 1348 449 1402 est
471 1359 555 1424 opus
578 1339 839 1424 saepissimeque
862 1328 920 1402 οὖν
943 1347 977 1401 et
997 1336 1040 1401 ἄν
1064 1337 1188 1402 formae
1212 1336 1359 1402 inlibris
1384 1337 1643 1404 confunduntur.
1690 1334 1917 1415 Roederus**)

226 1469 336 1524 autem
368 1456 483 1522 dicens
506 1459 580 1533 πῶς
604 1453 647 1519 ἄν
669 1480 721 1534 τις
744 1456 910 1538 ἐξελέγχοι
934 1456 1045 1521 wtirde
1070 1457 1123 1520 die
1146 1454 1367 1542 llttglichlreit
1389 1455 1446 1520 des
1469 1456 1648 1539 ἐξελέγχειν
1675 1456 1842 1542 gerudean
1864 1455 1920 1521 be·

226 1579 379 1661 circites,
414 1574 458 1642 da
485 1576 540 1641 die
564 1575 713 1641 Partilrel
736 1574 776 1639 ἄν
808 1574 867 1640 das
889 1573 979 1643 bloss
1003 1575 1239 1661 Vorgestellte,
1274 1575 1446 1641 Gedachte
1474 1576 1534 1641 der
1556 1575 1795 1641 Wirlrlichkeit
1816 1575 1920 1642 nither

225 1696 342 1780 ruckt,
374 1695 472 1761 valde
503 1694 636 1760 videtur
667 1697 849 1776 erravisse,
883 1717 957 1760 cum
987 1718 1052 1762 nou
1076 1695 1285 1781 intellegeret
1310 1694 1351 1760 ἄν
1376 1694 1539 1783 particula
1561 1693 1675 1761 addita
1698 1705 1806 1761 utrum
1829 1698 1918 1762 actio

228 1828 389 1883 eventura
426 1826 515 1882 esset
550 1837 657 1880 necne
698 1814 779 1880 nihil
812 1814 898 1892 dici,
937 1814 995 1880 sed
1027 1825 1153 1879 tantum
1190 1815 1299 1899 effici,
1332 1825 1369 1880 ut
1399 1815 1505 1882 forma
1536 1816 1805 1901 interrogationis
1835 1815 1920 1880 lenis

224 1935 440 2023 modestaque
465 1933 635 2002 reddatur.
674 1933 790 2021 Aequo
809 1933 908 1999 modo
928 1945 1065 2021 propter
1090 1935 1263 2021 scriptoris
1283 1933 1558 2002 consuetudinem
1573 1932 1718 2000 editores
1733 1936 1768 2000 in
1787 1934 1847 2018 IV,
1862 1936 1918 2000 19:

224 2059 298 2133 τεοῖς
320 2055 380 2121 οὐκ
402 2054 631 2129 ἀνοσιώτατος
654 2053 716 2135 εἴη,
739 2105 745 2116 .
771 2103 778 2116 .
803 2103 810 2116 .
830 2064 863 2118 et
880 2053 1027 2137 vl1‚36:
1052 2058 1101 2130 τίς
1119 2055 1385 2141 ἀμφισβητήσειε
1404 2104 1412 2119 .
1435 2104 1442 2118 .
1465 2103 1473 2119 .
1494 2051 1536 2116 ἄν
1554 2052 1752 2141 particulam
1772 2055 1920 2141 optativo

226 2186 335 2259 recte,
364 2174 558 2260 mopinot,
582 2171 800 2255 addiderunt,
826 2194 911 2259 quae
935 2172 1088 2238 codicum
1111 2175 1296 2260 scripturae
1320 2175 1457 2239 mutatio
1481 2173 1552 2238 fere
1575 2172 1665 2238 nulla
1686 2183 1754 2256 est,
1782 2195 1857 2237 cum
1881 2171 1922 2237 ἅν

225 2291 421 2383 particulam
440 2303 517 2364 ante
533 2291 771 2369 ἀνοσιώτατος
790 2302 824 2357 et
841 2294 1119 2379 ἀμφισβητήσειε
1130 2292 1296 2359 excidisse
1308 2303 1500 2359 statuamus.
1538 2292 1605 2359 Sed
1616 2292 1658 2357 de
1669 2291 1811 2358 hislocis
1826 2293 1923 2375 satis3

231 2436 320 2480 nunc
349 2411 392 2479 ad
423 2434 464 2477 ea
487 2411 641 2499 exempla
662 2422 878 2493 transeamus,
910 2433 995 2498 quae
1018 2435 1144 2477 merum
1171 2413 1352 2500 optativum
1376 2414 1409 2478 in
1434 2413 1612 2478 enuntiatis
1635 2412 1842 2477 affirmativis
1864 2434 1925 2499 po·

226 2536 325 2601 situm
354 2530 529 2619 praebent.
584 2531 669 2597 Sunt
699 2542 808 2596 autem
841 2540 998 2617 quattuor
1027 2530 1104 2614 loci,
1138 2535 1194 2619 qui
1225 2534 1259 2596 in
1295 2530 1468 2598 codicibus
1498 2533 1545 2597 ita
1567 2541 1644 2597 sunt
1665 2532 1799 2618 scripti:
1824 2530 1925 2613 lX,5

227 2649 279 2719 ὅτι
301 2653 360 2736 μὲν
383 2650 442 2715 οὐκ
464 2653 579 2736 ἔθαψε
602 2652 715 2717 Κλέων
739 2652 955 2735 ’Artapatou
978 2651 1050 2717 οὐδ’
1073 2652 1173 2729 αὐτὸς
1196 2649 1333 2737 ἔξαρνος
1356 2659 1488 2733 γε’νοιτο
1511 2654 1761 2736 μεμαρτύρηταὶ
1782 2672 1818 2714 τε
1837 2650 1925 2733 ὑμῖν,

225 2774 270 2856 X,
285 2773 342 2837 18:
375 2768 458 2847 ἴσως
480 2761 541 2835 οὖν
563 2793 626 2853 τις,
658 2761 685 2835 ol
708 2767 841 2854 ἄνδρες,
866 2773 924 2834 τὸν
945 2776 1069 2855 χρόνον
1092 2771 1181 2855 ὑμῶν
1205 2774 1404 2854 θαυμάσειε,
1428 2821 1435 2833 .
1460 2820 1467 2833 .
1492 2818 1499 2833 .
1523 2771 1567 2853 Χ,
1579 2771 1640 2835 23:
1664 2767 1842 2834 δεινότατα
1864 2769 1927 2852 γὰρ

226 2895 363 2958 πάντων
385 2896 530 2972 γένοιτο,
553 2889 583 2955 εἰ
611 2890 806 2974 Κυρωνίδης
831 2939 839 2953 .
863 2939 869 2953 .
895 2940 902 2953 .
926 2890 1057 2973 Xl,38:
1089 2890 1152 2973 ἐγώ
1184 2892 1267 2973 γὰρ,
1299 2881 1328 2954 ui
1351 2887 1489 2975 ἄνδρες,
1522 2892 1657 2954 πάντων
1680 2888 1927 2971 ὁμολογήσαιμι

228 3002 316 3077 εἶναι
337 3013 512 3091 κάκιστος,
543 3009 573 3073 εἰ
597 3059 604 3072 .
629 3058 668 3073 ..
710 3008 806 3074 Sicut
834 3010 868 3073 in
898 3011 1078 3076 enuntiatis
1111 3010 1359 3093 interrogativis
1382 3020 1415 3074 et
1438 3008 1602 3093 negativis
1625 3030 1735 3073 merua
1758 3009 1926 3095 optativus

231 3131 393 3197 acerrima
417 3129 654 3214 interrogantis
676 3129 896 3215 negantisque
919 3138 952 3194 et
974 3129 1169 3196 modestiam
1192 3129 1401 3215 neglegentis
1424 3137 1485 3212 est,
1516 3128 1563 3192 ita
1580 3129 1614 3193 in
1638 3128 1818 3193 enuntiatis
1840 3128 1927 3193 affir-

229 3250 362 3317 mativis
385 3257 511 3314 tantum
535 3249 745 3316 concitatiori
768 3250 913 3315 sermoni
936 3251 1103 3333 convenit,
1133 3272 1232 3336 quem
1255 3246 1532 3315 aconsuetudino
1556 3256 1723 3313 oratorum
1747 3245 1926 3314 abhorrere

229 3372 374 3453 scimus,
408 3369 465 3455 qui
487 3378 524 3433 ut
546 3367 812 3435 benevolentiam
839 3367 992 3456 judicum
1015 3367 1080 3435 sibi
1104 3369 1338 3452 conciliarent,
1367 3367 1602 3433 modestiorem
1624 3389 1811 3433 sermonem
1833 3387 1927 3452 prae·

229 3488 393 3556 serebant.
447 3488 613 3555 Locorum
643 3500 752 3555 autern
785 3487 959 3554 allatorum
990 3490 1174 3554 sententiae
1207 3489 1460 3554 commotionem
1492 3488 1594 3551 animi
1625 3484 1827 3571 singularem
1850 3507 1927 3551 con·

230 3611 345 3675 venire
378 3631 484 3694 nego,
522 3619 726 3696 quapropter
754 3607 814 3674 hos
845 3630 978 3695 quoque
1008 3607 1099 3674 locos
1129 3606 1328 3695 depravatos
1358 3616 1391 3671 et
1422 3605 1463 3670 ἄν
1488 3603 1701 3671 inserendum
1730 3628 1804 3672 esse
1831 3615 1926 3692 puto.

235 3730 344 3812 Quam
375 3728 474 3793 facile
506 3729 606 3793 etiam
636 3727 688 3794 hia
715 3727 799 3793 locis
829 3738 904 3793 ante
927 3727 1062 3795 voculas
1086 3727 1186 3806 αὐτός
1209 3729 1355 3810 πάντων,
1384 3716 1411 3791 οῗ
1436 3723 1556 3809 ἄνδρες
1579 3735 1613 3790 et
1634 3735 1710 3812 post
1731 3723 1926 3812 particulam

231 3841 291 3915 orla
321 3848 479 3914 excidere
509 3849 655 3935 potuerit
686 3849 760 3936 quis
785 3860 835 3914 est
857 3850 936 3935 quin
960 3847 1156 3933 intellegat?
1200 3847 1245 3911 At
1267 3846 1438 3912 Roederus
1460 3844 1614 3911 codicum
1638 3845 1868 3909 auctoritatem
1891 3867 1927 3909 se

231 3969 327 4056 sequi
362 3967 459 4033 malle
497 3990 595 4054 quam
633 3966 675 4033 ad
716 3967 854 4034 dubium
892 3970 972 4034 artis
1007 3969 1144 4033 criticae
1186 3965 1421 4054 conjecturalis
1459 3964 1710 4031 fundamentum
1743 3964 1925 4049 confugere

232 4089 343 4154 docet.
387 4088 492 4154 Recte
516 4088 663 4174 quidem,
696 4089 755 4154 sed
780 4088 861 4177 quid
883 4090 926 4155 sit
949 4088 1120 4172 audacius,
1154 4110 1198 4153 ex
1215 4110 1255 4153 eo
1276 4108 1411 4173 quaero,
1442 4094 1549 4150 utrum
1573 4083 1614 4149 ἄν
1638 4083 1802 4170 particula
1826 4106 1925 4170 quam

233 4206 390 4274 facillime
421 4208 527 4275 omitti
553 4210 702 4296 potuisse
735 4232 794 4297 per
824 4232 860 4276 se
889 4219 996 4296 patet,
1029 4210 1179 4274 restituta
1211 4206 1459 4272 usitatissimum
1487 4203 1620 4269 dicendi
1644 4226 1750 4289 genus
1772 4203 1927 4290 scriptori

234 4327 430 4411 tribuamus,
455 4350 497 4393 an
521 4328 675 4394 codicum
694 4331 859 4418 scriptura
876 4340 1033 4416 suspecta
1051 4337 1183 4393 servata
1200 4349 1322 4392 novum
1342 4324 1477 4390 dicendi
1496 4346 1590 4389 usum
1610 4326 1642 4388 in
1664 4324 1748 4390 lsaei
1760 4326 1927 4390 orationes

232 4449 422 4532 inferamus,
451 4448 508 4535 qui
531 4449 595 4515 nisi
619 4447 730 4514 dubiis
752 4448 835 4515 locis
858 4471 926 4515 non
948 4449 1172 4514 confirmatur.
1222 4447 1306 4511 Nam
1336 4448 1417 4533 quin
1439 4444 1547 4510 nudus
1570 4445 1737 4531 optativus
1760 4445 1809 4509 sic
1832 4466 1925 4509 usur·

232 4569 305 4656 pari
328 4569 451 4656 possit,
485 4591 685 4656 quamquam
715 4591 780 4635 non
813 4567 947 4651 dubito,
980 4578 1089 4633 tamen
1113 4565 1292 4633 Gebauero
1316 4575 1349 4631 et
1371 4563 1555 4632 Schmidtio
1580 4561 1832 4628 concedendum
1853 4585 1926 4628 esse

231 4697 323 4776 puto,
354 4686 442 4753 haud
472 4689 590 4775 paucis
620 4687 703 4754 locis
732 4688 870 4755 aliorum
904 4710 1037 4775 quoque
1066 4690 1265 4775 scriptorum
1288 4683 1329 4750 ἄν
1352 4684 1549 4774 particulam
1576 4682 1788 4749 librariorum
1811 4704 1923 4750 errore

387 4859 412 4923 *)
430 4860 447 4911 l.
466 4876 488 4910 c.
506 4878 566 4929 pag.
585 4858 643 4911 279.

385 4944 426 5011 **)
444 4963 504 5015 νει·
522 4947 565 4998 44·
