4284 5572
420 592 472 656 De
498 592 678 656 enuntiatis
701 592 990 659 condicionalibus
1012 596 1093 659 satis
1117 594 1196 659 mihi
1219 594 1321 661 multa
1342 594 1446 659 verba
1467 595 1588 659 iecisse
1611 593 1739 660 videor.
1777 592 1954 679 Reliquum

267 722 335 793 est,
366 723 402 775 ut
431 710 472 774 de
503 709 658 774 finalibus
687 710 903 797 disputemus.
950 713 1132 777 Enuntiata
1159 714 1272 778 finalia
1294 737 1334 778 ca
1356 723 1528 794 vocantur,
1561 735 1646 798 quae
1673 723 1826 777 eventum
1855 713 1957 796 signi-

267 829 387 909 ficant,
414 814 462 893 ¹ob
487 850 584 913 quem
609 829 821 892 efficiendum
845 830 925 915 quid
950 830 1017 894 fiat.
1058 831 1296 895 particularum
1324 843 1432 895 autem
1460 830 1533 911 ἵνα,
1563 831 1625 908 ὡς,
1649 827 1760 912 ὅπως,
1791 830 1956 917 aquibus

268 947 348 1011 talia
379 948 551 1011 enuntiata
583 948 711 1010 initium
743 969 862 1033 capere
892 951 1101 1031 grammatici
1132 948 1274 1031 docent,
1307 950 1353 1025 ὡς
1381 948 1542 1034 particula
1570 949 1732 1035 exemplis
1755 950 1955 1034 comparatis

268 1064 357 1152 apud
380 1065 511 1129 Isaeum
536 1066 669 1129 omnino
693 1088 758 1128 non
778 1068 954 1151 reperitur,
979 1068 1034 1131 ἵνα
1052 1069 1185 1154 saepius
1205 1091 1302 1153 quam
1323 1064 1416 1144 ὅπως
1434 1089 1610 1132 occurrere
1629 1065 1815 1153 apparebit.
1848 1066 1955 1147 Quam

268 1184 310 1251 ob
341 1207 409 1247 rem
441 1183 507 1247 duo
540 1184 784 1247 enuntiatorum
812 1183 958 1248 finalium
982 1208 1106 1268 genera
1129 1186 1351 1271 disjungenda
1372 1196 1462 1264 sunt,
1495 1206 1632 1270 quorum
1657 1188 1765 1270 primo
1788 1186 1958 1249 enuntiata

268 1325 353 1389 quae
383 1299 424 1365 ab
455 1302 509 1364 ἵνα
540 1301 704 1386 particula
733 1302 912 1388 incipiunt,
945 1303 1286 1390 comprehenduntur,
1316 1304 1453 1368 alterum
1485 1302 1526 1366 ad
1551 1324 1592 1367 ea
1613 1304 1773 1388 pertinet,
1805 1325 1891 1388 quae
1913 1300 1955 1366 ab

269 1419 361 1496 ὅπως
381 1418 543 1506 particula
564 1418 723 1505 pendent.

370 1539 397 1602 I.
421 1538 590 1601 enuntiata
613 1536 725 1601 finalia
747 1560 832 1623 quae
856 1537 898 1602 ab
923 1539 977 1602 ἴνα
1002 1538 1164 1624 particula
1185 1538 1343 1625 pendent.

421 1656 467 1720 Ut
488 1657 597 1719 statim
621 1654 661 1718 ad
685 1656 892 1720 tractandum
916 1659 1056 1742 primum
1081 1680 1186 1741 genus
1204 1658 1415 1737 accedamus,
1439 1656 1656 1721 antecedente
1675 1656 1778 1722 verbo
1797 1658 1955 1742 primario

209 1804 217 1831 ι
269 1797 343 1838 curn
374 1774 587 1858 conjunctivo
620 1774 677 1837 ἴνα
708 1774 903 1859 particulam
936 1777 1093 1860 conjungi
1127 1787 1266 1841 constat.
1321 1775 1563 1856 Coniunctivus
1592 1776 1680 1839 enim
1712 1777 1746 1839 in
1777 1775 1956 1840 enuntiatis

268 1891 423 1957 finalibus
456 1903 581 1955 certum
618 1904 771 1955 eventum
805 1895 989 1957 sententiae
1024 1894 1131 1958 finalis
1162 1896 1349 1980 exspectari
1384 1894 1557 1975 indicat,*t
1611 1893 1652 1957 cl.
1687 1892 1842 1979 exempla
1865 1893 1956 1975 I,22.

268 2012 379 2091 11,30.
398 2012 452 2074 46.
476 2010 539 2090 Ill,
556 2012 604 2074 15.
624 2014 677 2073 61.
701 2009 743 2092 V,
760 2011 812 2074 34.
838 2011 897 2093 VI,
912 2013 960 2074 lt.
976 2014 1029 2076 52.
1046 2014 1099 2076 62.
1124 2012 1244 2094 V11,3.
1263 2014 1316 2076 43.
1341 2013 1435 2094 VlIl,
1446 2014 1477 2076 4.
1502 2011 1627 2093 lx,3o.
1650 2012 1694 2092 X,
1709 2014 1758 2075 16.
1778 2012 1826 2075 lt.
1849 2012 1912 2094 xl,
1922 2013 1955 2077 3.

268 2131 321 2195 38.
341 2129 461 2193 4l.50.
515 2127 589 2192 Uno
622 2138 730 2191 autem
763 2128 837 2193 loco
869 2129 924 2192 ἵνα
955 2130 1151 2214 particulam
1183 2153 1257 2193 cum
1291 2133 1439 2216 optativo
1472 2131 1681 2214 conjunctam
1714 2140 1890 2215 praesente
1921 2132 1955 2194 in

268 2248 439 2311 enuntiato
463 2247 620 2331 primario
644 2246 862 2311 antecedente
885 2246 1047 2329 videmus,
1072 2249 1115 2311 cf.
1139 2248 1264 2330 111,21,
1290 2248 1347 2311 ubi
1367 2248 1449 2312 haec
1472 2250 1597 2333 scripta
1619 2258 1709 2312 sunt:
1736 2252 1792 2312 καὶ
1814 2248 1853 2312 αὖ
1876 2250 1958 2330 μεθ’

268 2369 342 2440 ἐνὸς
365 2363 444 2427 οὐδὲ
466 2365 550 2445 μετὰ
573 2363 676 2442 δυοῖν,
700 2364 771 2426 ἀλλ’
793 2364 839 2439 ὡς
861 2364 904 2427 ἂν
926 2368 1009 2444 μετὰ
1032 2368 1195 2430 πλείστων
1218 2368 1401 2447 δυνώμεθα
1422 2368 1483 2442 τὰς
1505 2366 1725 2450 ἐκμαρτυρίας
1740 2370 1863 2443 πάντες
1879 2389 1958 2431 ποι·
1988 2416 1993 2425 .

269 2486 420 2565 eripede,
451 2481 506 2544 ἵνα
534 2486 582 2562 τῷ
612 2503 646 2544 τε
679 2482 964 2564 ἐκμαρτυρήσαντι
995 2484 1038 2563 μὴ
1065 2484 1153 2564 ἐξείη
1184 2481 1323 2566 ὕστεροι·
1353 2483 1479 2567 ἐξάρνῳ
1503 2485 1661 2565 γενέσθαι
1682 2485 1741 2565 τὴν
1762 2488 1956 2567 μαρτυρίαν.

270 2601 471 2682 Quaerenti,
505 2599 671 2684 quomodo
702 2598 756 2662 bic
779 2601 919 2685 optativi
943 2624 1021 2665 usus
1043 2600 1247 2688 explicetur,
1279 2603 1528 2685 Krusgerusfl)
1553 2602 1743 2687 respondet,
1774 2605 1957 2688 optativum

269 2719 379 2785 locum
411 2717 546 2797 habere,
579 2730 635 2781 aut
661 2719 690 2782 si
720 2740 786 2781 una
809 2740 883 2783 cum
902 2730 1051 2806 tempore
1075 2732 1250 2805 praesente
1268 2732 1398 2804 tempus
1421 2721 1634 2804 praeteritum
1658 2722 1861 2804 cogitatione
1884 2743 1957 2807 per·

270 2841 424 2924 cipiatur,
444 2848 500 2901 aut
518 2835 659 2921 simplex
677 2837 835 2920 cogitatio
853 2861 919 2904 non
940 2840 1144 2924 exspectatio
1164 2839 1382 2922 significetur.
1415 2839 1562 2902 Priorem
1581 2838 1815 2924 explicationis
1830 2848 1957 2925 partem

270 2955 348 3021 huic
370 2956 444 3021 loco
469 2955 648 3019 convenire
673 2966 789 3018 contra
811 2953 1153 3034 Schoemannnm***)
1176 2979 1249 3021 cum
1271 2955 1494 3033 Kuehnero†)
1518 2956 1757 3024 contenderim.
1795 2959 1846 3022 lta
1868 2960 1956 3023 enim

270 3075 432 3139 enuntiati
455 3072 603 3159 primarii
622 3072 851 3157 praedicatum
869 3073 1125 3158 intellegendum
1144 3086 1204 3154 est,
1229 3084 1265 3137 ut
1286 3076 1370 3138 verti
1387 3076 1509 3159 possit:
1528 3074 1603 3138 wir
1620 3074 1729 3141 lasaen
1747 3074 1816 3139 und
1833 3075 1956 3142 liesscn

270 3216 331 3257 uns
355 3194 473 3255 immer
494 3191 680 3275 Zeugniase
703 3189 857 3276 ablegen,
881 3192 923 3256 cl.
946 3192 1045 3256 Dem.
1068 3191 1196 3274 XXIV,
1210 3194 1281 3257 145.

425 3309 523 3373 Plura
555 3308 709 3395 exempla
731 3320 926 3392 occurrunt,
957 3312 990 3373 in
1021 3309 1142 3396 quibus
1164 3310 1382 3375 antecedente
1406 3321 1554 3397 tempore
1577 3311 1776 3376 secundario
1799 3314 1833 3377 in
1856 3335 1959 3379 enun-

271 3430 351 3493 tiato
381 3427 472 3491 finali
502 3428 735 3512 conjunctivus
766 3429 893 3513 positus
917 3440 975 3492 est.
1028 3428 1201 3514 Ejusmodi
1224 3430 1357 3513 generis
1380 3429 1534 3516 exempla
1555 3432 1667 3495 omnia
1688 3432 1736 3494 ita
1757 3430 1959 3516 explicanda

271 3557 365 3627 sunt,
396 3557 432 3609 ut
462 3557 616 3610 eventum
647 3545 777 3611 consilii
806 3550 976 3612 enuntiato
1005 3546 1095 3611 finali
1123 3549 1273 3633 expressi
1296 3547 1338 3610 ad
1361 3558 1492 3632 tempus
1514 3548 1680 3634 loquentis
1702 3559 1854 3633 spectare
1878 3572 1955 3615 con·

265 3666 416 3751 junctivo
439 3663 656 3748 significetur,
680 3665 724 3729 cf.
741 3664 786 3747 11,
804 3666 862 3729 28:
886 3669 942 3729 καὶ
964 3653 1063 3741 οὗτος
1085 3668 1206 3748 καιροῦ
1230 3666 1416 3747 λαβόμενος
1434 3670 1489 3731 καὶ
1511 3669 1717 3749 βουλόμενος
1730 3666 1822 3749 αὐτῷ
1835 3667 1957 3751 ἐπηρε-

271 3782 381 3864 άζειν,
413 3779 465 3847 ὅτι
490 3782 547 3847 aa
568 3784 775 3865 ἐποιήσατο,
806 3785 960 3848 διεκώλυε
982 3790 1021 3847 τὸ
1043 3788 1169 3867 χωρίον
1191 3786 1382 3868 πραθῆναι,
1413 3785 1468 3847 ἵνα
1489 3787 1724 3866 κατοκώχιμον
1746 3792 1881 3867 γένηται
1901 3790 1958 3851 καὶ

272 3902 472 3983 ἀναγκασθῇ
493 3904 543 3983 τῷ
564 3901 705 3987 opposui
723 3904 921 3986 ἀποστῆναι,
945 3905 966 3967 i.
986 3924 1015 3966 e.
1033 3904 1209 3988 quominus
1228 3925 1308 3987 ager
1325 3905 1455 3967 veniret
1472 3901 1657 3988 impedivit,
1682 3905 1770 3967 utin
1788 3914 1958 3990 posterum

271 4022 394 4106 pignus
424 4022 622 4085 retineretur
644 4031 677 4085 et
698 4019 866 4086 Menecles
889 4044 932 4086 ex
954 4044 994 4087 eo
1018 4020 1137 4086 cedere
1165 4032 1351 4106 cogeretur.
1406 4021 1535 4088 Similia
1557 4030 1634 4086 sunt
1654 4019 1784 4107 reliqna
1805 4023 1960 4111 exempla

272 4138 388 4221 11,29.
411 4139 464 4203 36.
489 4140 543 4203 46.
572 4138 667 4220 VllI,
690 4140 722 4203 3.
749 4140 798 4202 10.

426 4254 648 4341 Temporibus
679 4256 886 4322 secundariis
909 4258 1183 4323 antecedentibus
1206 4259 1239 4322 in
1264 4260 1433 4323 enuntiato
1457 4257 1546 4322 finali
1572 4258 1739 4343 optativus
1762 4257 1957 4345 plerumque

273 4386 398 4458 exstat,
428 4376 485 4460 qui
515 4372 632 4439 modus
662 4383 712 4437 est
740 4377 907 4461 optativus
938 4378 1097 4443 orationis
1129 4376 1296 4463 obliquae.
1341 4378 1426 4441 Nam
1455 4380 1621 4442 actionem
1652 4378 1814 4441 enuntiati
1837 4399 1959 4443 secun·

427 4612 451 4665 *l
469 4614 633 4663 Bacurnlciu.
652 4613 668 4663 l.
687 4630 709 4662 c.
729 4630 788 4679 pag.
810 4612 858 4664 188
876 4632 934 4681 sqq.
953 4622 979 4665 ct
998 4615 1083 4665 riken.
1103 4615 1119 4665 l.
1138 4633 1160 4665 c.
1178 4614 1195 4681 ξ
1214 4614 1272 4666 138.

426 4696 466 4757 **)
484 4714 522 4762 gr.
541 4698 557 4762 ξ
575 4696 643 4755 566
661 4714 721 4747 nnrr.
740 4696 765 4745 3.

428 4779 486 4843 m)
503 4782 532 4830 in
550 4782 675 4831 editionis
694 4798 787 4831 cornui.
806 4784 840 4831 ad
858 4784 928 4832 hunc
943 4783 1038 4833 locunt.

426 4864 456 4931 †)
474 4882 513 4932 gr.
531 4867 567 4915 11.
585 4882 644 4932 pag.
662 4865 744 4917 6981).
