4284 5572
1712 414 1905 505 γει

220 616 278 698 την
300 613 393 696 λῆξιν
416 612 561 698 ήξίωσαν
584 601 688 678 οὗτοι.
725 612 838 678 Naxus
861 617 1097 678 sententiarum
1123 613 1221 678 docet
1235 612 1299 676 hoc
1318 610 1521 675 enuntiatum
1541 609 1806 696 ite.impleudum
1823 634 1908 697 esse,

220 745 257 798 ut
283 757 325 797 ex
348 735 389 798 iia
413 754 498 817 quae
523 731 724 795 antecedunt
745 732 976 818 suppleamuai
1004 731 1034 795 εἰ
1057 733 1119 814 γὰρ
1140 732 1185 815 μη
1209 731 1430 813 ὡμολόγησαν
1453 727 1511 808 τήν
1534 731 1595 792 τοῦ
1616 729 1750 828 Ἐνδίου
1772 734 1909 812 ποίησιν

220 853 286 917 δπὺ
308 854 370 936 τοῦ
392 854 528 934 Πύρρου
550 855 721 931 γενέσθαι.
767 851 926 914 Similiter
948 849 1166 936 explicandus
1189 861 1240 912 est
1261 848 1365 927 locus,
1391 848 1447 931 qui
1470 846 1497 927 I,
1517 849 1558 910 46
1581 849 1764 932 reperitur:
1788 848 1908 933 οὐγὰρ

220 970 332 1051 δήπου
360 967 483 1047 ζῶντες
512 970 574 1060 μὲν
602 965 707 1044 οὕτως
739 967 779 1030 άν
808 969 1054 1050 ἐνεχειρίσαμεν
1083 968 1173 1048 αὐτῷ
1201 968 1259 1047 τήν
1282 965 1416 1046 οὐσίαν,
1445 960 1531 1027 ὥστε
1554 969 1720 1047 περὶτῶν
1744 965 1910 1050 ἡμετέρων

220 1089 423 1170 κυριωτέραν
446 1077 612 1166 εἶναιτὴν
635 1083 757 1150 ἐκείνου
781 1086 935 1150 διάνοιαν
957 1089 1016 1165 τής
1039 1085 1202 1168 ήμετερας
1226 1069 1345 1165 αὐτοῖν,
1369 1082 1426 1145 ubi
1449 1082 1670 1168 supplendum
1695 1094 1758 1147 est:
1792 1084 1823 1147 εἰ
1846 1085 1910 1166 γάρ

222 1202 322 1268 ἄλλον
345 1202 490 1286 ήξίωσαν
513 1206 633 1285 ταύτης
655 1208 714 1284 τῆς
737 1202 877 1288 δωρεάς.

375 1320 545 1385 Interdum
577 1331 685 1385 autem
717 1324 859 1408 protasia
888 1344 953 1386 nou
977 1331 1028 1385 est
1049 1320 1235 1407 supplenda
1258 1344 1302 1384 ex
1325 1321 1494 1383 enuntiato
1519 1319 1608 1406 quod
1633 1319 1818 1402 antecedit,
1852 1320 1912 1386 sed

223 1464 287 1505 uuo
318 1439 371 1504 vel
400 1439 501 1505 altero
532 1439 688 1525 epodosis
712 1438 814 1504 verbo
839 1441 1037 1504 continetur.
1083 1438 1257 1525 Ejusmodi
1280 1423 1413 1522 generis
1432 1437 1619 1522 exemplum
1644 1440 1789 1503 occurrit
1811 1439 1839 1522 Ι,
1857 1440 1910 1522 47,

222 1558 279 1623 ubi
310 1556 392 1621 haec
422 1568 568 1622 exstant:
599 1555 632 1619 ἐν
661 1559 698 1622 δὲ
729 1561 778 1639 τῷ
802 1557 920 1621 δοῦναι
950 1562 1093 1633 πολλοὺς
1120 1555 1161 1619 div
1189 1561 1245 1620 καὶ
1269 1560 1431 1636 συγγενεῖς
1454 1561 1509 1619 καὶ
1533 1558 1651 1642 φίλους
1673 1558 1801 1655 ἐκείνου
1824 1579 1910 1641 προ-

222 1680 352 1742 είλοντο
375 1677 612 1755 οἰκειοτέρους.
658 1674 771 1740 Verba
791 1677 827 1739 ἐν
848 1679 898 1758 τῷ
919 1676 1037 1739 δοῦναι
1060 1678 1207 1762 protasin
1232 1675 1402 1740 continent
1425 1685 1457 1738 et
1479 1675 1668 1757 germanice
1688 1676 1734 1738 ita
1752 1675 1913 1741 vertenda

223 1806 312 1860 aunt:
347 1793 455 1858 Weun
485 1816 520 1858 es
543 1793 614 1856 sich
636 1816 690 1857 um
714 1793 972 1858 Beerbtwerden
996 1793 1170 1874 handelte,
1204 1817 1239 1858 so
1271 1792 1407 1856 worden
1436 1794 1484 1856 eie
1508 1792 1594 1856 viele
1619 1792 1817 1858 Verwandte
1842 1793 1911 1858 und

223 1912 375 1978 Freundo
403 1911 451 1977 ale
480 1911 601 1975 nabere
623 1914 736 1998 jenem
760 1911 950 1978 vorziehen.
995 1913 1111 1997 Neque
1136 1911 1199 1977 alio
1224 1911 1322 1976 modo
1346 1910 1549 1993 intellegitur
1571 1911 1634 1990 111,
1646 1912 1704 1977 ib:
1737 1912 1854 1976 οὐκοῦν
1877 1911 1912 1983 ἐκ

223 2036 284 2115 μὲν
305 2034 367 2094 τοῦ
384 2031 442 2112 τήν
463 2033 637 2112 θυγατέρα
659 2030 708 2107 εἰς
728 2035 805 2105 τοὺς
824 2034 998 2116 φράτορας
1017 2030 1203 2111 εἰσαγαγεῖν
1222 2034 1278 2092 καὶ
1296 2030 1341 2111 μή
1360 2030 1574 2111 ποιήσασθαι
1592 2033 1650 2093 τὸν
1667 2030 1749 2112 ἐμὸν
1765 2030 1913 2117 ἀδελφὸν

224 2151 299 2214 υἱὸν
323 2149 424 2230 αὐτῷ,
445 2151 540 2220 ταῦτ’
563 2145 604 2211 dv
626 2147 845 2230 διεπράξατο,
875 2149 932 2213 ubi
956 2149 1099 2235 protasis
1122 2150 1155 2210 in
1178 2149 1215 2210 ἐκ
1240 2197 1247 2210 .
1273 2197 1280 2210 .
1305 2146 1429 2228 ,αὐτῷ
1458 2145 1569 2210 verbis
1593 2151 1698 2230 ineat,
1731 2170 1816 2234 quae
1839 2171 1911 2232 ger·

224 2270 353 2332 manico
376 2269 422 2332 ita
444 2277 632 2331 vertuntur:
656 2267 739 2331 Dies
763 2266 852 2330 h'atte
876 2290 912 2330 cr
935 2266 1003 2332 aleo
1024 2265 1175 2345 erreicht,
1199 2288 1295 2328 wenn
1312 2287 1348 2328 er
1366 2266 1457 2328 scine
1473 2264 1618 2329 Tochter
1636 2268 1670 2329 in
1690 2265 1743 2329 die
1763 2266 1912 2330 Phratric

225 2385 414 2471 eingefiihrt
445 2385 512 2449 und
542 2387 673 2449 meiuen
704 2384 835 2449 Bruder
862 2383 954 2449 nicht
976 2384 1144 2471 adoptiert
1165 2383 1266 2468 hatte,
1298 2383 1341 2448 cf.
1366 2383 1458 2464 1,20.
1505 2382 1646 2469 Saepius
1669 2385 1812 2469 protasis
1836 2408 1913 2450 con-

225 2507 347 2568 tinetur
370 2506 548 2590 participio
572 2515 606 2568 et
628 2505 805 2590 conjuncto
831 2515 864 2568 et
886 2501 1048 2568 absoluto.
1094 2503 1218 2567 Prioris
1243 2501 1377 2566 dicendi
1397 2523 1475 2565 usus
1494 2499 1585 2582 1V,6
1603 2504 1785 2588 reperitur:
1808 2505 1913 2567 ἔτιδὲ

224 2629 279 2688 καὶ
310 2623 551 2719 ὁμολογοῦντες
576 2623 802 2705 Θρασυμάχου
832 2624 891 2704 μὲν
919 2613 1004 2686 εἶναι
1026 2625 1086 2685 τὸν
1109 2624 1320 2703 Νικόσρατον
1346 2619 1404 2684 οὐκ
1428 2617 1468 2682 άν
1491 2610 1584 2697 εἶχον
1607 2618 1773 2701 ἐξελέγξαι
1795 2624 1915 2686 τούσδε

224 2743 269 2818 ὡς
285 2742 344 2806 οὐκ
359 2742 446 2806 εἰσὶν
460 2741 577 2821 ἐκείνῳ
593 2741 738 2823 ἀνεψιοί,
758 2740 815 2803 ubi
833 2764 891 2825 pro
911 2741 1087 2826 participio
1107 2739 1350 2821 ὁμολογοῦντες
1369 2737 1471 2801 scribi
1491 2741 1613 2823 potuit:
1634 2739 1664 2802 εἰ
1683 2740 1913 2821 ὡμολόγησαν.

224 2861 351 2924 Eadem
375 2861 533 2923 ratio'est
556 2860 588 2922 in
613 2858 766 2945 exemplo
791 2858 880 2944 quod
904 2859 964 2940 IX,
981 2863 1013 2921 ll
1037 2869 1103 2922 eet:
1127 2861 1186 2920 καὶ
1206 2857 1303 2939 ἐχρῆν
1326 2848 1386 2920 δίδ
1410 2854 1544 2939 ἄνδρες,
1568 2862 1624 2921 καὶ
1647 2861 1747 2921 αὐτὸν
1765 2860 1915 2938 Κλέωνα,

225 2981 269 3063 μή
298 2978 463 3043 δοκοῦντα
491 2969 577 3041 εἶναι
608 2976 762 3059 ήλίδιον,
793 2974 847 3041 ὅτε
875 2982 932 3040 τὸν
957 2977 1031 3040 υἱὸν
1053 2980 1112 3039 τὸν
1133 2978 1252 3039 τούτου
1276 2973 1433 3056 ἐποιεῖτο,
1458 2978 1663 3062 Ἀστύφιλος
1685 2977 1822 3051 καὶτὰς
1844 2978 1917 3040 δια-

223 3100 334 3178 θήκας
363 3099 528 3175 κατέλιπε,
560 3094 789 3178 παρακαλέσαι
812 3093 878 3157 εἴτε
901 3117 974 3157 τινα
996 3096 1137 3175 συγγενῆ
1158 3092 1384 3175 ἐπιδημοῦντα
1408 3091 1584 3173 ἐγίγνωσκε
1609 3143 1615 3156 .
1641 3143 1648 3156 .
1676 3142 1681 3156 .
1717 3094 1779 3158 Pro
1804 3092 1915 3159 verbio

225 3217 270 3298 μή
294 3216 457 3278 δοκοῦντα
480 3205 566 3277 εἶναι
588 3209 723 3293 ἠλίθιον
747 3222 858 3277 orator
880 3211 1027 3276 scribere
1050 3212 1172 3298 potuit:
1205 3211 1236 3275 εἰ
1258 3213 1302 3293 μή
1326 3210 1434 3275 ἐδόκει
1457 3202 1544 3274 εἶναι
1568 3209 1720 3295 ήλὶθιος,
1750 3212 1793 3274 cf.
1818 3212 1846 3294 I,
1862 3211 1914 3277 20.

225 3335 269 3416 X,
292 3336 341 3397 ll.
388 3331 440 3395 Ad
471 3331 554 3395 hano
584 3328 717 3394 dicendi
746 3330 908 3394 rationem
932 3332 1083 3415 proxime
1114 3329 1280 3393 accedunt
1308 3328 1477 3415 exempla,
1511 3352 1650 3416 quorum
1673 3332 1816 3417 protasia
1840 3352 1917 3395 con-

226 3453 407 3518 structione
443 3451 582 3534 genitivi
614 3447 756 3514 absoluti
789 3451 847 3534 qui
877 3458 1014 3513 vocatur
1045 3449 1222 3530 formatur,
1257 3449 1313 3534 qui
1346 3447 1479 3511 dicendi
1516 3471 1595 3513 usus
1627 3451 1817 3513 tritissimue
1853 3459 1914 3513 eet.

230 3572 318 3637 Satis
342 3570 444 3653 igitur
467 3578 518 3633 cst
541 3568 581 3632 de
605 3568 714 3631 multis
738 3590 838 3631 unum
863 3568 981 3632 afferre
1005 3566 1204 3654 exemplum,
1230 3565 1318 3652 quod
1341 3565 1460 3647 v1,46
1483 3568 1687 3630 continetur:
1711 3565 1749 3631 οὐ
1773 3568 1835 3650 γὰρ
1858 3565 1917 3649 δή·

227 3710 292 3754 που
321 3691 455 3768 γνησίου
487 3684 583 3762 ὄντος
613 3687 703 3761 υἱέος
733 3686 919 3768 Εὐκτήμονι
947 3685 1122 3768 ἐπίκληρος
1153 3684 1194 3748 άν
1221 3676 1260 3766 ήν
1287 3682 1306 3766 ή
1333 3687 1485 3769 θυγάτηρ
1509 3684 1621 3766 αὐτοῦ,
1654 3683 1732 3749 οὐδὲ
1755 3684 1774 3747 ὁ
1797 3687 1916 3768 κλῆρος

227 3808 387 3881 ἐπίδικος.
432 3804 546 3869 Verba
567 3809 702 3887 γνησίου
727 3802 823 3880 ὄντος
841 3804 931 3880 υἱέος
949 3827 1068 3869 munus
1091 3806 1251 3869 enuntiati
1276 3803 1399 3889 explet,
1425 3803 1513 3889 quod
1536 3805 1583 3868 ita
1604 3826 1639 3868 ae
1659 3802 1774 3867 habet:
1794 3803 1825 3868 εἰ
1843 3804 1917 3886 γνή-

227 3944 302 4002 σιος
324 3916 363 4006 ήν
386 3926 461 4000 υἱὸς
484 3924 673 4006 Εὐκτήμων.

382 4043 502 4109 Rarior
521 4054 570 4108 est
589 4065 629 4106 ea
645 4041 778 4105 dicendi
794 4041 890 4123 ratio,
908 4064 974 4128 qua
988 4044 1231 4107 enuntiatorum
1248 4041 1525 4107 condicionalium
1543 4039 1700 4128 apodoeis
1711 4040 1918 4105 desideratur

227 4173 260 4227 et
291 4184 334 4226 ex
362 4163 403 4226 iis
427 4184 511 4247 quae
536 4160 737 4226 antecedunt
760 4159 937 4245 cogitando
961 4159 1147 4247 supplenda
1171 4170 1238 4242 eet,
1270 4160 1313 4225 of.
1339 4160 1401 4242 111,
1414 4161 1466 4236 25,
1500 4157 1557 4222 ubi
1580 4159 1623 4222 ad
1646 4158 1769 4223 verba:
1791 4162 1847 4223 ναὶ
1869 4159 1917 4240 μὰ

227 4284 308 4362 Διά,
338 4280 383 4357 ὡς
405 4282 506 4361 ἔγωγε
529 4280 639 4363 ᾤμην,
671 4279 737 4361 εἴγε
760 4270 801 4360 ήν
824 4281 948 4360 ἀληθὲς
971 4283 1010 4343 τὸ
1032 4283 1174 4362 πρᾶγμα
1207 4301 1250 4342 ex
1273 4279 1463 4374 enuntiato,
1497 4277 1586 4364 quod
1609 4276 1795 4360 antecedit,
1828 4277 1919 4361 cogi·

227 4399 363 4463 tandum
387 4409 449 4463 eat:
474 4390 546 4463 εἶτα
569 4400 625 4464 ἐπὶ
647 4402 768 4480 ταύτην
791 4395 831 4459 div
854 4396 911 4478 τήν
933 4402 1122 4483 μαρτυρίαν
1140 4396 1198 4460 οὐκ
1217 4396 1257 4460 dv
1276 4393 1428 4472 ἅπαντας
1446 4398 1524 4472 τοὺς
1543 4395 1688 4471 οἰκείους
1702 4397 1780 4471 τοὺς
1799 4395 1920 4460 ἑαυτοῦ

227 4520 429 4600 παρακαλεῖν
461 4517 585 4593 ἐκεῖνος
616 4516 764 4601 ήξιώσεν.
811 4514 878 4581 Sed
906 4538 972 4580 non
1003 4526 1069 4598 est,
1101 4536 1159 4578 cur
1190 4516 1362 4595 miremur,
1394 4516 1549 4599 quoniam
1580 4513 1641 4578 hac
1664 4515 1765 4579 totius
1787 4511 1918 4600 periodi

228 4634 463 4724 hypotheticae
487 4647 581 4723 parte
603 4636 646 4699 ad
669 4659 709 4700 ea
732 4657 816 4722 quae
840 4644 937 4698 autea
960 4635 1111 4719 quaesita
1133 4644 1227 4698 eraut
1248 4632 1479 4717 respondetur,
1504 4633 1547 4697 cs.
1573 4632 1636 4714 III,
1649 4633 1703 4696 49.
