4284 5572
285 397 306 465 8

283 596 439 682 disputat.
487 597 523 662 Si
552 607 662 662 autem
692 596 755 661 hoc
787 607 926 677 constat,
959 599 993 660 in
1023 599 1202 663 enuntiatis
1234 594 1522 662 condicionalibus
1552 617 1685 681 semper
1707 605 1855 659 mutuam
1877 615 1978 658 mem·

282 714 415 780 brorum
447 714 641 780 relationem
673 717 782 781 inesse
815 718 1027 802 perspicuum
1060 727 1119 798 est,
1151 739 1235 802 quae
1267 738 1467 803 quamqaum
1506 713 1672 778 interdum
1694 712 1828 778 videtur
1850 713 1979 794 deesse,

283 846 394 896 tamen
428 832 582 918 suppleta
603 832 743 920 spodosi
766 833 819 897 vel
842 837 968 920 protasi
993 835 1147 900 efficitur.
1202 835 1334 900 Idcirco
1358 837 1457 899 etism
1480 835 1514 898 in
1538 832 1692 918 exemplo
1710 856 1731 897 a
1748 834 1859 897 Patrio
1879 831 1978 896 allato

282 962 395 1015 mutua
417 949 639 1016 membrorum
662 951 789 1034 relatio,
815 975 889 1016 cum
912 954 946 1016 in
969 952 1081 1018 verbis
1104 976 1171 1018 non
1194 955 1283 1037 insit,
1308 953 1447 1040 apodosi
1471 953 1647 1034 γνώσεσθε
1670 950 1723 1015 rel
1746 949 1884 1014 storace
1903 972 1979 1035 sup-

282 1068 405 1154 plenda
427 1069 580 1133 efficitur.
629 1070 736 1135 Simili
759 1070 857 1135 modo
880 1071 1001 1157 reliqui
1025 1095 1158 1159 qnoque
1181 1071 1247 1136 loci
1270 1096 1290 1137 a
1311 1073 1422 1138 Petrio
1446 1070 1566 1158 prolati
1589 1069 1782 1155 explicandi
1805 1081 1891 1133 sunt.

436 1188 593 1273 Denique
624 1185 679 1251 hic
711 1190 1020 1255 commemorandus
1051 1202 1101 1256 est
1129 1191 1233 1272 locus,
1265 1193 1359 1276 cujus
1386 1193 1420 1254 in
1444 1189 1583 1277 spodosi
1607 1187 1797 1275 potentialis
1819 1188 1978 1272 temporis

281 1308 452 1395 praeteriti
475 1309 572 1389 inest,
605 1307 741 1390 x11,6:
763 1313 819 1372 καὶ
841 1309 904 1389 μὴν
928 1310 1000 1373 οὐδ’
1022 1309 1065 1372 ἂν
1087 1308 1107 1372 ὁ
1128 1314 1226 1386 θεῖος
1249 1315 1336 1393 πρὸς
1359 1313 1485 1394 μητρὸς
1509 1308 1583 1391 ἡμῖν
1601 1306 1663 1389 ὤν,
1689 1311 1794 1387 τούτῳ
1817 1305 1856 1370 δὲ
1882 1303 1980 1369 οὐδὲν

282 1432 460 1511 προσήκων
488 1428 597 1506 δήπου
627 1429 669 1507 τῇ
699 1430 818 1490 τοῦτον
849 1431 948 1509 μητρὶ
979 1426 1144 1510 ἠθέλησεν
1172 1428 1225 1509 ἄν,
1248 1420 1274 1492 ai
1298 1428 1420 1509 ἄνδρες
1443 1429 1612 1507 δικασταί,
1634 1427 1844 1509 μαρτυρῆσαι
1869 1422 1979 1506 ψευδῆ

281 1550 478 1630 μαρτυρίαν,
509 1546 554 1609 δι’
582 1542 620 1628 ἣν
651 1545 727 1628 ἡμῖν
749 1550 896 1626 γίγνεται
917 1549 1026 1628 βλάβη
1048 1549 1250 1634 περιφανής,
1282 1547 1377 1630 εἴπερ
1400 1547 1494 1622 ξένον
1518 1543 1597 1610 ὄντα
1620 1547 1739 1608 τοῦτον
1762 1542 1978 1623 εἰσποιοῦμεν

282 1664 430 1750 ἀδελφὸν
452 1663 531 1747 ἡμῖν
554 1664 679 1739 αὐτοῖς.
716 1664 907 1729 Discrimen
927 1680 1124 1752 temporum,
1148 1666 1238 1753 qnod
1256 1669 1343 1730 inter
1364 1666 1512 1752 protasin
1536 1675 1570 1727 et
1591 1661 1753 1748 epodosin
1776 1669 1842 1743 est,
1871 1681 1978 1744 aeque

282 1790 382 1868 atque
412 1785 446 1845 in
477 1781 637 1869 exemplis
668 1785 790 1870 prioris
813 1785 1056 1850 enuntiatorum
1080 1786 1212 1868 generis
1235 1783 1467 1870 explicandum
1491 1792 1542 1846 est
1564 1802 1672 1867 neque
1696 1800 1798 1844 causa
1821 1790 1886 1860 est,
1919 1798 1979 1841 cur

281 1899 321 1964 ad
347 1898 506 1986 Sylhurgi
530 1901 754 1986 conjecturam
777 1900 1011 1984 εἰσεποιοῦμεν
1033 1904 1271 1988 perfugiamus.
1312 1904 1468 1968 Fortasse
1492 1912 1601 1965 autem
1625 1908 1741 1964 notatu
1759 1898 1896 1982 dignum
1915 1906 1976 1978 est,

283 2021 441 2084 aoristum
471 2022 504 2083 in
534 2019 707 2106 potentiali
737 2023 897 2107 temporis
928 2024 1099 2106 praeteriti
1131 2023 1221 2109 apud
1253 2023 1383 2087 Isaeum
1417 2021 1612 2108 plerumque
1645 2038 1842 2098 occurrere,
1875 2015 1976 2081 semel

280 2139 355 2221 (lx,
371 2143 419 2209 ll)
439 2138 513 2205 loco
532 2150 700 2225 suspecto,
724 2151 761 2204 ut
782 2142 912 2225 opinor,
937 2138 1178 2226 imperfectum.
1224 2141 1306 2206 Mihi
1327 2140 1460 2228 quidem
1482 2138 1659 2204 Scheibius
1677 2139 1712 2200 in
1730 2134 1843 2200 verbis
1862 2133 1975 2208 οὐδεὶς

280 2257 323 2321 riv
352 2258 452 2322 αὐτὸν
480 2259 617 2323 ἐδύνατο
641 2257 791 2325 voculam
817 2256 857 2320 civ
881 2258 995 2323 delens
1018 2273 1108 2324 recte
1133 2261 1264 2325 videtur
1285 2262 1406 2325 fecisse
1439 2282 1547 2345 neque
1579 2257 1742 2323 assentior
1770 2252 1976 2334 Roedero*),

282 2380 339 2463 qui
371 2377 524 2443 codicum
548 2378 747 2464 scripturam
766 2380 902 2443 retineri
925 2378 1005 2442 vult.
1040 2379 1084 2443 cl.
1107 2381 1207 2444 etiam
1229 2379 1432 2444 Buerrnanni
1456 2378 1649 2442 editionem.
1695 2373 1761 2440 Sed
1785 2396 1863 2437 num
1887 2371 1978 2458 quod

279 2495 510 2569 Roederns**)
544 2497 797 2580 (es.1,11.2t;
830 2498 874 2579 11,
895 2499 952 2580 203
986 2498 1126 2576 V11,32)
1158 2498 1259 2581 dicit,
1292 2497 1381 2585 apud
1413 2496 1496 2562 alios
1529 2496 1710 2580 scriptores
1737 2493 1772 2555 iu
1803 2489 1976 2577 potentiali

280 2618 439 2703 tenrporis
478 2618 648 2703 praeteriti
687 2619 810 2682 aoristo
848 2617 1079 2703 imperfectum
1117 2618 1278 2704 praeferri
1310 2639 1424 2681 verum
1457 2619 1520 2698 sit,
1554 2637 1628 2679 esse
1660 2611 1798 2676 dubium
1831 2609 1975 2673 videtur.

278 2735 550 2813 Kuehnerusm)
581 2735 715 2822 quidem
747 2735 858 2801 multis
890 2737 1050 2823 exemplis
1073 2736 1221 2802 collectis
1244 2738 1278 2799 in
1310 2737 1508 2800 contrariam
1541 2733 1583 2797 de
1607 2732 1670 2797 hoc
1693 2753 1757 2794 usu
1778 2729 1977 2794 senteutiam

279 2853 434 2920 discedit.

431 2973 526 3038 Haec
550 2973 650 3038 habui
674 2996 760 3061 quae
784 2974 930 3038 dicerem
954 2973 995 3039 de
1019 2977 1061 3040 iis
1083 2976 1262 3040 enuntiatis
1285 2971 1586 3054 condicionalibus,
1615 2990 1756 3056 quorum
1779 2966 1922 3052 protasis
1945 2965 1977 3030 εἰ

279 3093 441 3180 particula
458 3116 532 3158 cum
549 3094 733 3160 indicativo
749 3096 936 3180 praesentis
952 3095 1123 3160 formatur.
1155 3095 1230 3160 lam
1247 3116 1327 3159 vero
1343 3093 1386 3159 ad
1402 3115 1443 3157 ea
1457 3102 1674 3172 transeamus,
1693 3107 1833 3174 quorum
1848 3086 1976 3172 protasi

279 3214 382 3278 futuri
405 3213 609 3279 indicativus
632 3216 832 3280 continetur.
876 3214 971 3278 Sicut
992 3216 1080 3278 enim
1103 3213 1145 3278 de
1168 3212 1268 3278 rebus
1291 3186 1524 3300 praesentibus
1547 3212 1576 3275 is
1599 3209 1656 3295 qni
1679 3206 1827 3292 loquitur
1849 3201 1976 3290 aliquid

278 3355 351 3398 esse
380 3333 488 3417 fingit,
517 3344 554 3397 ut
584 3333 661 3397 inde
685 3332 775 3397 alind
798 3332 879 3420 quid
910 3333 1056 3418 colligat,
1086 3337 1134 3398 ita
1156 3335 1254 3397 etism
1277 3335 1312 3396 in
1336 3334 1455 3397 luturis
1478 3328 1578 3395 rebus
1600 3326 1873 3393 consecutionem
1903 3344 1976 3387 esse

278 3475 402 3535 veram,
436 3454 465 3517 si
492 3474 573 3518 vcra
601 3454 644 3517 sit
672 3452 851 3533 condicio,
882 3455 1043 3517 enuntiati
1066 3453 1173 3519 forma
1194 3453 1336 3517 iudicari
1370 3460 1489 3538 potest.
1545 3446 1644 3528 Quod
1668 3441 1912 3517 Gentsohius†l
1942 3442 1977 3504 in

278 3571 442 3657 ejusmodi
469 3571 684 3659 Antiphontis
714 3571 901 3637 Andocidis
932 3572 1054 3658 Lysiae
1084 3574 1329 3637 enuntiatorum
1358 3571 1483 3657 protasi
1515 3567 1710 3655 plerumque
1740 3582 1864 3625 meram
1897 3581 1974 3624 con-

277 3690 477 3758 dicionalem
500 3694 567 3756 vim
590 3693 699 3757 inesse
719 3690 828 3774 docet,
853 3691 916 3756 hoc
940 3694 1037 3756 etiam
1062 3694 1096 3757 in
1114 3692 1204 3757 lsaei
1226 3691 1319 3756 locos
1342 3690 1506 3777 quadrare
1529 3693 1790 3753 consentaneum
1808 3690 1869 3763 est,
1895 3702 1975 3765 quo·

277 3813 365 3875 niam
383 3833 435 3876 res
455 3810 585 3876 futurae
602 3834 679 3875 num
696 3810 853 3875 adfinem
870 3810 1098 3898 perducantur
1113 3812 1194 3876 satis
1210 3813 1296 3876 scire
1314 3833 1379 3875 non
1395 3830 1582 3897 possumus.
1613 3801 1811 3889 Exemplum
1827 3800 1972 3885 petimus

278 3953 321 3995 ex
338 3931 398 4013 IV,
409 3932 465 3996 25:
489 3932 538 4007 εἰς
554 3932 617 4015 γὰρ
632 3935 693 3995 τὸν
711 3933 831 3995 λοιπὸν
852 3935 985 4013 χρόνον,
1009 3930 1115 4014 εἰμὲν
1133 3930 1208 3995 οἵδε
1225 3931 1310 3993 κατὰ
1325 3934 1365 3994 τὸ
1384 3931 1478 4009 γένος
1496 3925 1790 4013 ἀμφισβητοῦντες
1807 3920 1975 4000 λήψονται

276 4053 334 4114 τὸν
351 4053 486 4133 κλῆρον,
504 4049 637 4129 ἐξέσται
655 4055 710 4114 καὶ
729 4053 873 4131 τούτοις,
891 4050 1022 4114 ὁπόταν
1039 4053 1237 4131 βούλωνται,
1260 4051 1344 4113 κατὰ
1363 4056 1403 4113 τῦ
1423 4051 1516 4128 γένος
1534 4046 1694 4120 λαχοῦσιν
1711 4035 1879 4115 ἐπιδεῖξαι
1898 4037 1975 4118 ὑμῖν

276 4170 322 4246 ὡς
340 4171 436 4233 αῦτοὶ
455 4169 615 4253 ἐγγυτέρω
633 4160 717 4251 ἦσαν
733 4173 794 4234 τοῦ
811 4173 1054 4252 Νικοστράτου,
1076 4173 1131 4233 καὶ
1150 4169 1196 4245 ὡς
1214 4173 1364 4253 Σμίιρου
1381 4158 1422 4249 ἦν
1443 4171 1499 4230 καὶ
1515 4163 1554 4228 οῦ
1573 4161 1811 4244 Θρασυμάχου.
1854 4156 1976 4220 Orator

275 4291 418 4374 ignorat,
443 4299 552 4354 utrum
569 4289 704 4376 judices
726 4288 928 4354 adversariis
947 4310 989 4353 an
1009 4287 1168 4354 Chariadi
1186 4289 1405 4355 hereditatem
1426 4280 1647 4371 adjudicaturi
1668 4280 1745 4359 sint,
1770 4284 1974 4362 quapropter

275 4410 310 4473 in
330 4410 499 4474 enuntiato
517 4408 605 4495 quod
621 4411 772 4495 sequitur
787 4430 928 4494 pergere
947 4418 1072 4495 potest:
1091 4410 1199 4474 ἐὰνδὲ
1221 4409 1391 4492 Χαριάδης
1410 4406 1520 4471 αῦτιῦν
1538 4397 1774 4484 κληρονομὴσμ
1795 4444 1827 4458 ..
1851 4395 1970 4480 Neque

429 4648 454 4711 *l
472 4651 597 4715 Beitriige
615 4667 662 4700 sur
679 4650 830 4715 Erlrliirung
847 4651 902 4700 und
920 4651 1008 4700 Kritilr
1029 4651 1075 4700 des
1095 4651 1187 4699 lsnios.
1225 4650 1295 4700 Jens
1315 4649 1389 4707 1880,
1406 4664 1467 4714 pag.
1485 4649 1527 4700 39.

430 4736 472 4799 **)
491 4736 508 4785 l.
528 4752 550 4785 c.
570 4753 628 4802 pag.
646 4736 689 4785 41.

430 4821 484 4882 m)
503 4839 540 4886 gr.
556 4823 590 4871 ll.
607 4822 654 4870 172
668 4839 707 4885 sq.

429 4906 457 4968 tl
477 4908 492 4955 ¹-
512 4924 534 4955 ε·
553 4923 612 4972 νει·
631 4906 689 4956 ‘227
