<?xml version="1.0" encoding="UTF-8"?>
<!DOCTYPE html PUBLIC "-//W3C//DTD XHTML 1.0 Transitional//EN"
    "http://www.w3.org/TR/xhtml1/DTD/xhtml1-transitional.dtd">
<html xmlns="http://www.w3.org/1999/xhtml" xml:lang="en" lang="en">
 <head>
  <title>
</title>
<meta http-equiv="Content-Type" content="text/html;charset=utf-8" />
  <meta name='ocr-system' content='tesseract 3.04.00' />
  <meta name='ocr-capabilities' content='ocr_page ocr_carea ocr_par ocr_line ocrx_word'/>
</head>
<body>
  <div class='ocr_page' id='page_1' title='image "./deenuntiatoruma00knopgoog_0031.png"; bbox 0 0 4284 5572; ppageno 0'>
   <div class='ocr_carea' id='block_1_1' title="bbox 273 414 321 481">
    <p class='ocr_par' dir='ltr' id='par_1_1' title="bbox 273 414 321 481">
     <span class='ocr_line' id='line_1_1' title="bbox 273 414 321 481; baseline 0.021 -1"><span class='ocrx_word' id='word_1_1' title='bbox 273 414 321 481; x_wconf 79' lang='lat'><strong>26</strong></span> 
     </span>
    </p>
   </div>
   <div class='ocr_carea' id='block_1_2' title="bbox 272 558 1961 696">
    <p class='ocr_par' dir='ltr' id='par_1_2' title="bbox 272 558 1961 696">
     <span class='ocr_line' id='line_1_2' title="bbox 272 558 1961 696; baseline 0 -22"><span class='ocrx_word' id='word_1_2' title='bbox 272 612 307 674; x_wconf 91' lang='lat' dir='ltr'><strong>in</strong></span> <span class='ocrx_word' id='word_1_3' title='bbox 336 606 490 696; x_wconf 72' lang='lat' dir='ltr'><strong>periodis</strong></span> <span class='ocrx_word' id='word_1_4' title='bbox 515 558 739 694; x_wconf 62' lang='lat' dir='ltr'><strong>hppotheticis</strong></span> <span class='ocrx_word' id='word_1_5' title='bbox 768 603 809 669; x_wconf 81' lang='grc' dir='ltr'><strong>ἄν</strong></span> <span class='ocrx_word' id='word_1_6' title='bbox 839 606 945 671; x_wconf 88' lang='lat' dir='ltr'><strong>forma</strong></span> <span class='ocrx_word' id='word_1_7' title='bbox 967 606 1112 673; x_wconf 88' lang='lat' dir='ltr'><strong>admissa</strong></span> <span class='ocrx_word' id='word_1_8' title='bbox 1134 631 1207 673; x_wconf 89' lang='lat' dir='ltr'><strong>esse</strong></span> <span class='ocrx_word' id='word_1_9' title='bbox 1230 606 1394 691; x_wconf 86' lang='lat' dir='ltr'><strong>videatur,</strong></span> <span class='ocrx_word' id='word_1_10' title='bbox 1419 608 1462 672; x_wconf 88' lang='lat' dir='ltr'><strong>cf.</strong></span> <span class='ocrx_word' id='word_1_11' title='bbox 1486 602 1608 692; x_wconf 83' lang='lat' dir='ltr'><strong>v1,61.</strong></span> <span class='ocrx_word' id='word_1_12' title='bbox 1628 609 1681 674; x_wconf 86' lang='lat'><strong>64.</strong></span> <span class='ocrx_word' id='word_1_13' title='bbox 1705 610 1749 692; x_wconf 88' lang='lat' dir='ltr'><strong>X,</strong></span> <span class='ocrx_word' id='word_1_14' title='bbox 1763 612 1813 673; x_wconf 90' lang='lat' dir='ltr'><strong>ll.</strong></span> <span class='ocrx_word' id='word_1_15' title='bbox 1837 608 1961 690; x_wconf 79' lang='lat' dir='ltr'><strong>X1,12.</strong></span> 
     </span>
    </p>
   </div>
   <div class='ocr_carea' id='block_1_3' title="bbox 258 725 2047 4480">
    <p class='ocr_par' dir='ltr' id='par_1_3' title="bbox 258 725 2047 3174">
     <span class='ocr_line' id='line_1_3' title="bbox 274 725 1962 814; baseline -0.002 -19"><span class='ocrx_word' id='word_1_16' title='bbox 274 727 340 795; x_wconf 89' lang='lat' dir='ltr'><strong>Sed</strong></span> <span class='ocrx_word' id='word_1_17' title='bbox 363 727 428 792; x_wconf 89' lang='lat' dir='ltr'><strong>boc</strong></span> <span class='ocrx_word' id='word_1_18' title='bbox 452 725 542 812; x_wconf 91' lang='lat' dir='ltr'><strong>quod</strong></span> <span class='ocrx_word' id='word_1_19' title='bbox 565 734 615 790; x_wconf 91' lang='lat' dir='ltr'><strong>est</strong></span> <span class='ocrx_word' id='word_1_20' title='bbox 629 725 833 790; x_wconf 89' lang='lat' dir='ltr'><strong>levissimum</strong></span> <span class='ocrx_word' id='word_1_21' title='bbox 852 728 1035 791; x_wconf 82' lang='lat' dir='ltr'><strong>mittamus!</strong></span> <span class='ocrx_word' id='word_1_22' title='bbox 1076 727 1272 814; x_wconf 80' lang='lat' dir='ltr'><strong>Priusquam</strong></span> <span class='ocrx_word' id='word_1_23' title='bbox 1296 738 1404 791; x_wconf 84' lang='lat' dir='ltr'><strong>autem</strong></span> <span class='ocrx_word' id='word_1_24' title='bbox 1429 725 1472 789; x_wconf 88' lang='lat' dir='ltr'><strong>ad</strong></span> <span class='ocrx_word' id='word_1_25' title='bbox 1493 726 1667 791; x_wconf 88' lang='lat' dir='ltr'><strong>tractanda</strong></span> <span class='ocrx_word' id='word_1_26' title='bbox 1689 728 1859 791; x_wconf 87' lang='lat' dir='ltr'><strong>enuntiata</strong></span> <span class='ocrx_word' id='word_1_27' title='bbox 1877 728 1962 814; x_wconf 89' lang='lat' dir='ltr'><strong>ipsa,</strong></span> 
     </span>
     <span class='ocr_line' id='line_1_4' title="bbox 274 844 1962 933; baseline -0.002 -21"><span class='ocrx_word' id='word_1_28' title='bbox 274 870 358 933; x_wconf 89' lang='lat' dir='ltr'><strong>quae</strong></span> <span class='ocrx_word' id='word_1_29' title='bbox 388 844 431 909; x_wconf 86' lang='lat' dir='ltr'><strong>ad</strong></span> <span class='ocrx_word' id='word_1_30' title='bbox 463 845 525 909; x_wconf 91' lang='lat' dir='ltr'><strong>hoc</strong></span> <span class='ocrx_word' id='word_1_31' title='bbox 548 866 655 929; x_wconf 75' lang='lat' dir='ltr'><strong>genus</strong></span> <span class='ocrx_word' id='word_1_32' title='bbox 677 845 862 930; x_wconf 89' lang='lat' dir='ltr'><strong>pertinent,</strong></span> <span class='ocrx_word' id='word_1_33' title='bbox 893 854 1070 926; x_wconf 82' lang='lat' dir='ltr'>transeam,</span> <span class='ocrx_word' id='word_1_34' title='bbox 1095 845 1376 930; x_wconf 90' lang='lat' dir='ltr'><strong>praemonendum</strong></span> <span class='ocrx_word' id='word_1_35' title='bbox 1400 867 1473 909; x_wconf 87' lang='lat' dir='ltr'><strong>ease</strong></span> <span class='ocrx_word' id='word_1_36' title='bbox 1497 845 1576 908; x_wconf 84' lang='lat' dir='ltr'><strong>milri</strong></span> <span class='ocrx_word' id='word_1_37' title='bbox 1600 844 1748 927; x_wconf 87' lang='lat' dir='ltr'><strong>videtur,</strong></span> <span class='ocrx_word' id='word_1_38' title='bbox 1780 847 1962 931; x_wconf 82' lang='lat' dir='ltr'><strong>particulae</strong></span> 
     </span>
     <span class='ocr_line' id='line_1_5' title="bbox 270 960 1963 1049; baseline -0.001 -21"><span class='ocrx_word' id='word_1_39' title='bbox 270 966 328 1030; x_wconf 81' lang='grc' dir='ltr'><strong>ἐάν</strong></span> <span class='ocrx_word' id='word_1_40' title='bbox 351 960 407 1042; x_wconf 77' lang='grc' dir='ltr'><strong>(ἄν</strong></span> <span class='ocrx_word' id='word_1_41' title='bbox 428 962 481 1044; x_wconf 75' lang='grc' dir='ltr'><strong>ἥν)</strong></span> <span class='ocrx_word' id='word_1_42' title='bbox 505 985 580 1027; x_wconf 91' lang='lat' dir='ltr'><strong>cum</strong></span> <span class='ocrx_word' id='word_1_43' title='bbox 603 961 786 1026; x_wconf 87' lang='lat' dir='ltr'><strong>indicativo</strong></span> <span class='ocrx_word' id='word_1_44' title='bbox 810 964 955 1027; x_wconf 82' lang='lat' dir='ltr'><strong>sociatae</strong></span> <span class='ocrx_word' id='word_1_45' title='bbox 980 963 1133 1049; x_wconf 86' lang='lat' dir='ltr'><strong>exempla</strong></span> <span class='ocrx_word' id='word_1_46' title='bbox 1155 963 1245 1029; x_wconf 85' lang='lat' dir='ltr'><strong>nulla</strong></span> <span class='ocrx_word' id='word_1_47' title='bbox 1267 976 1324 1028; x_wconf 89' lang='lat' dir='ltr'><strong>aut</strong></span> <span class='ocrx_word' id='word_1_48' title='bbox 1346 975 1435 1027; x_wconf 91' lang='lat' dir='ltr'><strong>certe</strong></span> <span class='ocrx_word' id='word_1_49' title='bbox 1459 974 1615 1049; x_wconf 89' lang='lat' dir='ltr'><strong>suspecta</strong></span> <span class='ocrx_word' id='word_1_50' title='bbox 1638 966 1670 1026; x_wconf 91' lang='lat' dir='ltr'><strong>in</strong></span> <span class='ocrx_word' id='word_1_51' title='bbox 1695 974 1844 1027; x_wconf 91' lang='lat' dir='ltr'><strong>veterum</strong></span> <span class='ocrx_word' id='word_1_52' title='bbox 1868 962 1963 1028; x_wconf 89' lang='lat' dir='ltr'><strong>libris</strong></span> 
     </span>
     <span class='ocr_line' id='line_1_6' title="bbox 272 1079 1963 1166; baseline -0.002 -19"><span class='ocrx_word' id='word_1_53' title='bbox 272 1083 466 1158; x_wconf 82' lang='lat' dir='ltr'><strong>inveniri.*)</strong></span> <span class='ocrx_word' id='word_1_54' title='bbox 495 1079 669 1166; x_wconf 81' lang='lat' dir='ltr'><strong>Exemplis</strong></span> <span class='ocrx_word' id='word_1_55' title='bbox 688 1079 798 1144; x_wconf 90' lang='lat' dir='ltr'><strong>dubiis</strong></span> <span class='ocrx_word' id='word_1_56' title='bbox 814 1104 834 1144; x_wconf 85' lang='lat' dir='ltr'><strong>a</strong></span> <span class='ocrx_word' id='word_1_57' title='bbox 849 1081 1029 1147; x_wconf 89' lang='lat' dir='ltr'><strong>Kuehnero</strong></span> <span class='ocrx_word' id='word_1_58' title='bbox 1046 1081 1193 1147; x_wconf 83' lang='lat' dir='ltr'><strong>collectis</strong></span> <span class='ocrx_word' id='word_1_59' title='bbox 1213 1106 1256 1146; x_wconf 87' lang='lat' dir='ltr'><strong>ex</strong></span> <span class='ocrx_word' id='word_1_60' title='bbox 1276 1084 1361 1147; x_wconf 88' lang='lat' dir='ltr'><strong>Isaei</strong></span> <span class='ocrx_word' id='word_1_61' title='bbox 1382 1080 1588 1147; x_wconf 87' lang='lat' dir='ltr'><strong>orationibus</strong></span> <span class='ocrx_word' id='word_1_62' title='bbox 1607 1081 1729 1146; x_wconf 89' lang='lat' dir='ltr'><strong>nullum</strong></span> <span class='ocrx_word' id='word_1_63' title='bbox 1749 1081 1827 1145; x_wconf 87' lang='lat' dir='ltr'><strong>addi</strong></span> <span class='ocrx_word' id='word_1_64' title='bbox 1845 1091 1963 1165; x_wconf 87' lang='lat' dir='ltr'><strong>potest,</strong></span> 
     </span>
     <span class='ocr_line' id='line_1_7' title="bbox 273 1198 1963 1289; baseline -0.002 -23"><span class='ocrx_word' id='word_1_65' title='bbox 273 1224 373 1289; x_wconf 88' lang='lat' dir='ltr'><strong>quam</strong></span> <span class='ocrx_word' id='word_1_66' title='bbox 396 1198 439 1266; x_wconf 93' lang='lat' dir='ltr'><strong>ob</strong></span> <span class='ocrx_word' id='word_1_67' title='bbox 463 1223 531 1264; x_wconf 90' lang='lat' dir='ltr'><strong>rem</strong></span> <span class='ocrx_word' id='word_1_68' title='bbox 556 1220 628 1262; x_wconf 88' lang='lat' dir='ltr'><strong>eam</strong></span> <span class='ocrx_word' id='word_1_69' title='bbox 652 1200 880 1284; x_wconf 90' lang='lat' dir='ltr'><strong>quaestionem</strong></span> <span class='ocrx_word' id='word_1_70' title='bbox 900 1202 1054 1286; x_wconf 80' lang='lat' dir='ltr'><strong>persequi</strong></span> <span class='ocrx_word' id='word_1_71' title='bbox 1080 1225 1145 1265; x_wconf 90' lang='lat' dir='ltr'><strong>non</strong></span> <span class='ocrx_word' id='word_1_72' title='bbox 1170 1211 1311 1287; x_wconf 83' lang='lat' dir='ltr'><strong>oportet.</strong></span> <span class='ocrx_word' id='word_1_73' title='bbox 1357 1202 1474 1286; x_wconf 88' lang='lat' dir='ltr'><strong>Neque</strong></span> <span class='ocrx_word' id='word_1_74' title='bbox 1498 1201 1606 1264; x_wconf 88' lang='lat' dir='ltr'><strong>miuus</strong></span> <span class='ocrx_word' id='word_1_75' title='bbox 1629 1198 1766 1263; x_wconf 90' lang='lat' dir='ltr'><strong>dubium</strong></span> <span class='ocrx_word' id='word_1_76' title='bbox 1791 1210 1850 1282; x_wconf 92' lang='lat' dir='ltr'><strong>est,</strong></span> <span class='ocrx_word' id='word_1_77' title='bbox 1884 1223 1963 1263; x_wconf 89' lang='lat' dir='ltr'><strong>num</strong></span> 
     </span>
     <span class='ocr_line' id='line_1_8' title="bbox 274 1315 1962 1407; baseline -0.001 -23"><span class='ocrx_word' id='word_1_78' title='bbox 274 1319 363 1407; x_wconf 91' lang='lat' dir='ltr'><strong>apud</strong></span> <span class='ocrx_word' id='word_1_79' title='bbox 401 1319 581 1404; x_wconf 82' lang='lat' dir='ltr'><strong>scriptores</strong></span> <span class='ocrx_word' id='word_1_80' title='bbox 620 1319 738 1382; x_wconf 89' lang='lat' dir='ltr'><strong>atticos</strong></span> <span class='ocrx_word' id='word_1_81' title='bbox 775 1319 805 1382; x_wconf 81' lang='grc' dir='ltr'><strong>εἰ</strong></span> <span class='ocrx_word' id='word_1_82' title='bbox 833 1319 996 1404; x_wconf 91' lang='lat' dir='ltr'><strong>particula</strong></span> <span class='ocrx_word' id='word_1_83' title='bbox 1026 1340 1099 1382; x_wconf 93' lang='lat' dir='ltr'><strong>cum</strong></span> <span class='ocrx_word' id='word_1_84' title='bbox 1130 1320 1343 1403; x_wconf 86' lang='lat' dir='ltr'><strong>conjunctivo</strong></span> <span class='ocrx_word' id='word_1_85' title='bbox 1374 1320 1501 1383; x_wconf 88' lang='lat' dir='ltr'><strong>sociata</strong></span> <span class='ocrx_word' id='word_1_86' title='bbox 1529 1341 1589 1405; x_wconf 92' lang='lat' dir='ltr'><strong>pro</strong></span> <span class='ocrx_word' id='word_1_87' title='bbox 1613 1315 1671 1383; x_wconf 77' lang='grc' dir='ltr'><strong>ἐάν</strong></span> <span class='ocrx_word' id='word_1_88' title='bbox 1696 1318 1862 1404; x_wconf 85' lang='lat' dir='ltr'><strong>particula</strong></span> <span class='ocrx_word' id='word_1_89' title='bbox 1889 1341 1962 1382; x_wconf 90' lang='lat' dir='ltr'><strong>curn</strong></span> 
     </span>
     <span class='ocr_line' id='line_1_9' title="bbox 278 1434 1963 1524; baseline -0.002 -21"><span class='ocrx_word' id='word_1_90' title='bbox 278 1438 492 1524; x_wconf 88' lang='lat' dir='ltr'><strong>conjunctivo</strong></span> <span class='ocrx_word' id='word_1_91' title='bbox 523 1437 702 1521; x_wconf 86' lang='lat' dir='ltr'><strong>conjuncta</strong></span> <span class='ocrx_word' id='word_1_92' title='bbox 733 1440 812 1522; x_wconf 88' lang='lat' dir='ltr'><strong>poni</strong></span> <span class='ocrx_word' id='word_1_93' title='bbox 843 1438 960 1523; x_wconf 86' lang='lat' dir='ltr'><strong>possit.</strong></span> <span class='ocrx_word' id='word_1_94' title='bbox 1013 1436 1220 1509; x_wconf 75' lang='lat' dir='ltr'><strong>Akenius**t</strong></span> <span class='ocrx_word' id='word_1_95' title='bbox 1250 1449 1284 1501; x_wconf 92' lang='lat' dir='ltr'><strong>et</strong></span> <span class='ocrx_word' id='word_1_96' title='bbox 1313 1434 1599 1519; x_wconf 79' lang='lat' dir='ltr'><strong>Kuehnerus,***)</strong></span> <span class='ocrx_word' id='word_1_97' title='bbox 1629 1437 1686 1522; x_wconf 92' lang='lat' dir='ltr'><strong>qui</strong></span> <span class='ocrx_word' id='word_1_98' title='bbox 1712 1434 1798 1500; x_wconf 90' lang='lat' dir='ltr'><strong>hunc</strong></span> <span class='ocrx_word' id='word_1_99' title='bbox 1830 1436 1963 1501; x_wconf 90' lang='lat' dir='ltr'><strong>dicendi</strong></span> 
     </span>
     <span class='ocr_line' id='line_1_10' title="bbox 273 1553 1964 1641; baseline -0.002 -19"><span class='ocrx_word' id='word_1_100' title='bbox 273 1580 367 1622; x_wconf 91' lang='lat' dir='ltr'><strong>usum</strong></span> <span class='ocrx_word' id='word_1_101' title='bbox 406 1553 643 1637; x_wconf 87' lang='lat' dir='ltr'><strong>defenderunt,</strong></span> <span class='ocrx_word' id='word_1_102' title='bbox 689 1554 865 1620; x_wconf 91' lang='lat' dir='ltr'><strong>nonnullos</strong></span> <span class='ocrx_word' id='word_1_103' title='bbox 902 1554 994 1620; x_wconf 87' lang='lat' dir='ltr'><strong>locos</strong></span> <span class='ocrx_word' id='word_1_104' title='bbox 1032 1554 1227 1637; x_wconf 89' lang='lat' dir='ltr'><strong>attulerunt,</strong></span> <span class='ocrx_word' id='word_1_105' title='bbox 1269 1557 1326 1641; x_wconf 92' lang='lat' dir='ltr'><strong>qui</strong></span> <span class='ocrx_word' id='word_1_106' title='bbox 1370 1557 1493 1641; x_wconf 91' lang='lat' dir='ltr'><strong>optimo</strong></span> <span class='ocrx_word' id='word_1_107' title='bbox 1532 1557 1604 1637; x_wconf 82' lang='lat' dir='ltr'><strong>jure</strong></span> <span class='ocrx_word' id='word_1_108' title='bbox 1646 1553 1830 1619; x_wconf 87' lang='lat' dir='ltr'><strong>editoribus</strong></span> <span class='ocrx_word' id='word_1_109' title='bbox 1865 1556 1964 1619; x_wconf 90' lang='lat' dir='ltr'><strong>inter·</strong></span> 
     </span>
     <span class='ocr_line' id='line_1_11' title="bbox 272 1672 1958 1763; baseline -0.001 -23"><span class='ocrx_word' id='word_1_110' title='bbox 272 1673 489 1763; x_wconf 78' lang='lat' dir='ltr'><strong>prolibusque</strong></span> <span class='ocrx_word' id='word_1_111' title='bbox 521 1695 594 1738; x_wconf 89' lang='lat' dir='ltr'><strong>esse</strong></span> <span class='ocrx_word' id='word_1_112' title='bbox 623 1675 769 1759; x_wconf 88' lang='lat' dir='ltr'><strong>suspecti</strong></span> <span class='ocrx_word' id='word_1_113' title='bbox 800 1672 1010 1738; x_wconf 82' lang='lat' dir='ltr'><strong>videbantur.</strong></span> <span class='ocrx_word' id='word_1_114' title='bbox 1056 1674 1264 1760; x_wconf 79' lang='lat' dir='ltr'><strong>Quamquam</strong></span> <span class='ocrx_word' id='word_1_115' title='bbox 1294 1685 1421 1738; x_wconf 91' lang='lat' dir='ltr'><strong>certum</strong></span> <span class='ocrx_word' id='word_1_116' title='bbox 1453 1673 1495 1737; x_wconf 91' lang='lat' dir='ltr'><strong>de</strong></span> <span class='ocrx_word' id='word_1_117' title='bbox 1524 1672 1728 1759; x_wconf 86' lang='lat' dir='ltr'><strong>reliquorum</strong></span> <span class='ocrx_word' id='word_1_118' title='bbox 1760 1675 1958 1760; x_wconf 86' lang='lat' dir='ltr'><strong>scriptorum</strong></span> 
     </span>
     <span class='ocr_line' id='line_1_12' title="bbox 273 1790 1961 1879; baseline -0.002 -20"><span class='ocrx_word' id='word_1_119' title='bbox 273 1816 337 1859; x_wconf 87' lang='lat' dir='ltr'><strong>usu</strong></span> <span class='ocrx_word' id='word_1_120' title='bbox 360 1790 522 1879; x_wconf 88' lang='lat' dir='ltr'><strong>judicium</strong></span> <span class='ocrx_word' id='word_1_121' title='bbox 552 1791 701 1877; x_wconf 89' lang='lat' dir='ltr'><strong>proferre</strong></span> <span class='ocrx_word' id='word_1_122' title='bbox 731 1815 797 1857; x_wconf 91' lang='lat' dir='ltr'><strong>non</strong></span> <span class='ocrx_word' id='word_1_123' title='bbox 827 1791 946 1873; x_wconf 90' lang='lat' dir='ltr'><strong>audeo,</strong></span> <span class='ocrx_word' id='word_1_124' title='bbox 978 1804 1086 1856; x_wconf 88' lang='lat' dir='ltr'><strong>tamen</strong></span> <span class='ocrx_word' id='word_1_125' title='bbox 1118 1804 1282 1879; x_wconf 90' lang='lat' dir='ltr'><strong>quatenus</strong></span> <span class='ocrx_word' id='word_1_126' title='bbox 1306 1793 1388 1857; x_wconf 89' lang='lat' dir='ltr'><strong>haec</strong></span> <span class='ocrx_word' id='word_1_127' title='bbox 1412 1793 1562 1878; x_wconf 88' lang='lat' dir='ltr'><strong>quaestio</strong></span> <span class='ocrx_word' id='word_1_128' title='bbox 1586 1791 1628 1856; x_wconf 91' lang='lat' dir='ltr'><strong>ad</strong></span> <span class='ocrx_word' id='word_1_129' title='bbox 1652 1792 1783 1856; x_wconf 88' lang='lat' dir='ltr'><strong>Isaeum</strong></span> <span class='ocrx_word' id='word_1_130' title='bbox 1807 1794 1961 1878; x_wconf 81' lang='lat' dir='ltr'><strong>pertinet,</strong></span> 
     </span>
     <span class='ocr_line' id='line_1_13' title="bbox 273 1908 1965 1998; baseline -0.002 -22"><span class='ocrx_word' id='word_1_131' title='bbox 273 1911 363 1998; x_wconf 93' lang='lat' dir='ltr'><strong>apud</strong></span> <span class='ocrx_word' id='word_1_132' title='bbox 393 1932 468 1975; x_wconf 88' lang='lat' dir='ltr'><strong>eum</strong></span> <span class='ocrx_word' id='word_1_133' title='bbox 499 1910 590 1974; x_wconf 91' lang='lat' dir='ltr'><strong>illum</strong></span> <span class='ocrx_word' id='word_1_134' title='bbox 615 1908 750 1973; x_wconf 90' lang='lat' dir='ltr'><strong>dicendi</strong></span> <span class='ocrx_word' id='word_1_135' title='bbox 772 1933 868 1974; x_wconf 89' lang='lat' dir='ltr'><strong>usum</strong></span> <span class='ocrx_word' id='word_1_136' title='bbox 892 1909 1101 1996; x_wconf 87' lang='lat' dir='ltr'><strong>comprobari</strong></span> <span class='ocrx_word' id='word_1_137' title='bbox 1126 1934 1191 1975; x_wconf 90' lang='lat' dir='ltr'><strong>non</strong></span> <span class='ocrx_word' id='word_1_138' title='bbox 1215 1934 1312 1996; x_wconf 89' lang='lat' dir='ltr'><strong>posse</strong></span> <span class='ocrx_word' id='word_1_139' title='bbox 1337 1910 1576 1977; x_wconf 88' lang='lat' dir='ltr'><strong>contenderim.</strong></span> <span class='ocrx_word' id='word_1_140' title='bbox 1622 1911 1705 1974; x_wconf 90' lang='lat' dir='ltr'><strong>Nam</strong></span> <span class='ocrx_word' id='word_1_141' title='bbox 1730 1932 1829 1974; x_wconf 89' lang='lat' dir='ltr'><strong>unum</strong></span> <span class='ocrx_word' id='word_1_142' title='bbox 1854 1933 1965 1974; x_wconf 89' lang='lat' dir='ltr'><strong>exem·</strong></span> 
     </span>
     <span class='ocr_line' id='line_1_14' title="bbox 273 2026 1963 2117; baseline -0.002 -22"><span class='ocrx_word' id='word_1_143' title='bbox 273 2030 374 2117; x_wconf 92' lang='lat' dir='ltr'><strong>plum,</strong></span> <span class='ocrx_word' id='word_1_144' title='bbox 400 2028 489 2115; x_wconf 91' lang='lat' dir='ltr'><strong>quod</strong></span> <span class='ocrx_word' id='word_1_145' title='bbox 512 2026 577 2092; x_wconf 93' lang='lat' dir='ltr'><strong>huc</strong></span> <span class='ocrx_word' id='word_1_146' title='bbox 599 2028 716 2092; x_wconf 85' lang='lat' dir='ltr'><strong>referri</strong></span> <span class='ocrx_word' id='word_1_147' title='bbox 741 2038 861 2114; x_wconf 89' lang='lat' dir='ltr'><strong>potest,</strong></span> <span class='ocrx_word' id='word_1_148' title='bbox 886 2030 957 2092; x_wconf 88' lang='lat' dir='ltr'><strong>sine</strong></span> <span class='ocrx_word' id='word_1_149' title='bbox 981 2026 1082 2093; x_wconf 90' lang='lat' dir='ltr'><strong>dubio</strong></span> <span class='ocrx_word' id='word_1_150' title='bbox 1107 2027 1260 2093; x_wconf 90' lang='lat' dir='ltr'><strong>mendum</strong></span> <span class='ocrx_word' id='word_1_151' title='bbox 1279 2029 1407 2092; x_wconf 88' lang='lat' dir='ltr'><strong>librarii</strong></span> <span class='ocrx_word' id='word_1_152' title='bbox 1426 2027 1576 2115; x_wconf 89' lang='lat' dir='ltr'><strong>praebet.</strong></span> <span class='ocrx_word' id='word_1_153' title='bbox 1622 2028 1661 2092; x_wconf 91' lang='lat' dir='ltr'><strong>ln</strong></span> <span class='ocrx_word' id='word_1_154' title='bbox 1681 2027 1855 2092; x_wconf 88' lang='lat' dir='ltr'><strong>codicibus</strong></span> <span class='ocrx_word' id='word_1_155' title='bbox 1875 2031 1963 2092; x_wconf 85' lang='lat' dir='ltr'><strong>enirn</strong></span> 
     </span>
     <span class='ocr_line' id='line_1_15' title="bbox 273 2137 1964 2233; baseline -0.001 -20"><span class='ocrx_word' id='word_1_156' title='bbox 273 2149 387 2233; x_wconf 59' lang='lat' dir='ltr'><strong>xum</strong></span> <span class='ocrx_word' id='word_1_157' title='bbox 416 2148 499 2212; x_wconf 87' lang='lat' dir='ltr'><strong>haec</strong></span> <span class='ocrx_word' id='word_1_158' title='bbox 530 2149 655 2232; x_wconf 88' lang='lat' dir='ltr'><strong>scripta</strong></span> <span class='ocrx_word' id='word_1_159' title='bbox 684 2157 776 2211; x_wconf 91' lang='lat' dir='ltr'><strong>sunt:</strong></span> <span class='ocrx_word' id='word_1_160' title='bbox 807 2137 862 2223; x_wconf 83' lang='grc' dir='ltr'><strong>οἷς</strong></span> <span class='ocrx_word' id='word_1_161' title='bbox 891 2146 930 2211; x_wconf 80' lang='grc' dir='ltr'><strong>δὲ</strong></span> <span class='ocrx_word' id='word_1_162' title='bbox 960 2149 1038 2229; x_wconf 78' lang='grc' dir='ltr'><strong>μηδ’</strong></span> <span class='ocrx_word' id='word_1_163' title='bbox 1067 2147 1097 2211; x_wconf 78' lang='grc' dir='ltr'><strong>εἰ</strong></span> <span class='ocrx_word' id='word_1_164' title='bbox 1127 2151 1182 2210; x_wconf 84' lang='grc' dir='ltr'><strong>καὶ</strong></span> <span class='ocrx_word' id='word_1_165' title='bbox 1206 2150 1472 2228; x_wconf 75' lang='grc' dir='ltr'><strong><em>τετελευτηκότες</em></strong></span> <span class='ocrx_word' id='word_1_166' title='bbox 1494 2137 1590 2227; x_wconf 70' lang='grc' dir='ltr'><em>ὦσιν,</em></span> <span class='ocrx_word' id='word_1_167' title='bbox 1613 2146 1659 2221; x_wconf 85' lang='grc' dir='ltr'><strong>ὡς</strong></span> <span class='ocrx_word' id='word_1_168' title='bbox 1682 2146 1758 2227; x_wconf 77' lang='grc' dir='ltr'><strong>ἐγώ,</strong></span> <span class='ocrx_word' id='word_1_169' title='bbox 1782 2147 1964 2211; x_wconf 71' lang='lat' dir='ltr'><strong>utronno</strong></span> 
     </span>
     <span class='ocr_line' id='line_1_16' title="bbox 271 2263 1964 2349; baseline -0.002 -19"><span class='ocrx_word' id='word_1_170' title='bbox 271 2269 377 2348; x_wconf 80' lang='grc' dir='ltr'><strong><em>νόμος</em></strong></span> <span class='ocrx_word' id='word_1_171' title='bbox 403 2268 464 2349; x_wconf 79' lang='grc' dir='ltr'><strong><em>τὴν</em></strong></span> <span class='ocrx_word' id='word_1_172' title='bbox 491 2269 628 2348; x_wconf 81' lang='grc' dir='ltr'><strong>&lt;Αγνιόυ</strong></span> <span class='ocrx_word' id='word_1_173' title='bbox 657 2267 893 2349; x_wconf 74' lang='grc' dir='ltr'><em>κληρονομίαν,</em></span> <span class='ocrx_word' id='word_1_174' title='bbox 915 2268 988 2342; x_wconf 77' lang='grc' dir='ltr'><strong>πῶς</strong></span> <span class='ocrx_word' id='word_1_175' title='bbox 1012 2266 1094 2348; x_wconf 82' lang='grc' dir='ltr'><em>ἐμοῦ</em></span> <span class='ocrx_word' id='word_1_176' title='bbox 1114 2288 1151 2329; x_wconf 89' lang='grc' dir='ltr'><strong><em>τε</em></strong></span> <span class='ocrx_word' id='word_1_177' title='bbox 1173 2265 1302 2343; x_wconf 78' lang='grc' dir='ltr'><strong><em>ζῶντος</em></strong></span> <span class='ocrx_word' id='word_1_178' title='bbox 1323 2268 1378 2328; x_wconf 80' lang='grc' dir='ltr'><strong>καὶ</strong></span> <span class='ocrx_word' id='word_1_179' title='bbox 1401 2266 1486 2328; x_wconf 86' lang='grc' dir='ltr'><strong><em>κατὰ</em></strong></span> <span class='ocrx_word' id='word_1_180' title='bbox 1509 2267 1585 2339; x_wconf 83' lang='grc' dir='ltr'><strong><em>τούς</em></strong></span> <span class='ocrx_word' id='word_1_181' title='bbox 1608 2268 1734 2347; x_wconf 80' lang='grc' dir='ltr'><strong><em>νόμους</em></strong></span> <span class='ocrx_word' id='word_1_182' title='bbox 1756 2266 1892 2345; x_wconf 80' lang='grc' dir='ltr'><strong><em>ἔχοντος</em></strong></span> <span class='ocrx_word' id='word_1_183' title='bbox 1914 2263 1964 2329; x_wconf 85' lang='grc' dir='ltr'><strong>οἴ-</strong></span> 
     </span>
     <span class='ocr_line' id='line_1_17' title="bbox 271 2375 2047 2465; baseline 0.001 -16"><span class='ocrx_word' id='word_1_184' title='bbox 271 2407 367 2450; x_wconf 81' lang='grc' dir='ltr'><strong><em>ονται</em></strong></span> <span class='ocrx_word' id='word_1_185' title='bbox 395 2385 508 2459; x_wconf 81' lang='grc' dir='ltr'><strong><em>αὑτοῖς</em></strong></span> <span class='ocrx_word' id='word_1_186' title='bbox 539 2375 627 2448; x_wconf 76' lang='grc' dir='ltr'><strong><em>εἶναι</em></strong></span> <span class='ocrx_word' id='word_1_187' title='bbox 654 2384 712 2464; x_wconf 79' lang='grc' dir='ltr'><strong><em>τὴν</em></strong></span> <span class='ocrx_word' id='word_1_188' title='bbox 742 2382 947 2465; x_wconf 72' lang='grc' dir='ltr'><strong><em>ἀγχιστείαν,</em></strong></span> <span class='ocrx_word' id='word_1_189' title='bbox 976 2383 1131 2465; x_wconf 80' lang='grc' dir='ltr'><strong><em>οὐδαμῶς</em></strong></span> <span class='ocrx_word' id='word_1_190' title='bbox 1161 2384 1348 2465; x_wconf 71' lang='grc' dir='ltr'><strong><em>δήπουθεν.</em></strong></span> <span class='ocrx_word' id='word_1_191' title='bbox 1393 2384 1487 2447; x_wconf 86' lang='lat' dir='ltr'><strong>Haec</strong></span> <span class='ocrx_word' id='word_1_192' title='bbox 1510 2380 1614 2446; x_wconf 88' lang='lat' dir='ltr'><strong>verba</strong></span> <span class='ocrx_word' id='word_1_193' title='bbox 1635 2404 1710 2445; x_wconf 87' lang='lat' dir='ltr'><strong>mea</strong></span> <span class='ocrx_word' id='word_1_194' title='bbox 1732 2385 1897 2447; x_wconf 85' lang='lat' dir='ltr'><strong>sententia</strong></span> <span class='ocrx_word' id='word_1_195' title='bbox 1919 2385 1966 2447; x_wconf 83' lang='lat' dir='ltr'><strong>ita</strong></span> <span class='ocrx_word' id='word_1_196' title='bbox 2044 2448 2047 2452; x_wconf 78' lang='grc'><strong><em>,</em></strong></span> 
     </span>
     <span class='ocr_line' id='line_1_18' title="bbox 271 2490 1964 2588; baseline -0.001 -21"><span class='ocrx_word' id='word_1_197' title='bbox 271 2513 396 2567; x_wconf 84' lang='lat' dir='ltr'><strong>tanturn</strong></span> <span class='ocrx_word' id='word_1_198' title='bbox 420 2500 569 2585; x_wconf 88' lang='lat' dir='ltr'><strong>intellegi</strong></span> <span class='ocrx_word' id='word_1_199' title='bbox 592 2512 741 2586; x_wconf 85' lang='lat' dir='ltr'><strong>possunt,</strong></span> <span class='ocrx_word' id='word_1_200' title='bbox 766 2513 802 2564; x_wconf 91' lang='lat' dir='ltr'><strong>ut</strong></span> <span class='ocrx_word' id='word_1_201' title='bbox 824 2500 927 2564; x_wconf 88' lang='lat' dir='ltr'><strong>verba</strong></span> <span class='ocrx_word' id='word_1_202' title='bbox 948 2512 1117 2588; x_wconf 87' lang='lat' dir='ltr'><strong>suspecta:</strong></span> <span class='ocrx_word' id='word_1_203' title='bbox 1137 2504 1215 2583; x_wconf 75' lang='grc' dir='ltr'><strong>μηδ’</strong></span> <span class='ocrx_word' id='word_1_204' title='bbox 1234 2503 1264 2566; x_wconf 79' lang='grc' dir='ltr'><strong>εἰ</strong></span> <span class='ocrx_word' id='word_1_205' title='bbox 1279 2505 1335 2565; x_wconf 85' lang='grc' dir='ltr'><strong>καὶ</strong></span> <span class='ocrx_word' id='word_1_206' title='bbox 1350 2504 1615 2582; x_wconf 75' lang='grc' dir='ltr'><strong><em>τετελευτηκότες</em></strong></span> <span class='ocrx_word' id='word_1_207' title='bbox 1631 2490 1724 2582; x_wconf 76' lang='grc' dir='ltr'><em>ὦσιν,</em></span> <span class='ocrx_word' id='word_1_208' title='bbox 1748 2501 1793 2578; x_wconf 86' lang='grc' dir='ltr'><strong>ὡς</strong></span> <span class='ocrx_word' id='word_1_209' title='bbox 1808 2502 1873 2582; x_wconf 77' lang='grc' dir='ltr'><strong>ἐγώ</strong></span> <span class='ocrx_word' id='word_1_210' title='bbox 1892 2523 1964 2565; x_wconf 85' lang='lat' dir='ltr'><strong>ver·</strong></span> 
     </span>
     <span class='ocr_line' id='line_1_19' title="bbox 270 2618 1964 2703; baseline -0.001 -18"><span class='ocrx_word' id='word_1_211' title='bbox 270 2619 388 2686; x_wconf 90' lang='lat' dir='ltr'><strong>borum</strong></span> <span class='ocrx_word' id='word_1_212' title='bbox 417 2623 491 2696; x_wconf 77' lang='grc' dir='ltr'><strong>πῶς</strong></span> <span class='ocrx_word' id='word_1_213' title='bbox 520 2619 603 2702; x_wconf 78' lang='grc' dir='ltr'>ἐμοῦ</span> <span class='ocrx_word' id='word_1_214' title='bbox 630 2641 666 2682; x_wconf 84' lang='grc' dir='ltr'><strong><em>τε</em></strong></span> <span class='ocrx_word' id='word_1_215' title='bbox 696 2618 823 2697; x_wconf 79' lang='grc' dir='ltr'><strong><em>ζῶντος</em></strong></span> <span class='ocrx_word' id='word_1_216' title='bbox 845 2623 901 2682; x_wconf 85' lang='grc' dir='ltr'><strong>καὶ</strong></span> <span class='ocrx_word' id='word_1_217' title='bbox 923 2621 1008 2682; x_wconf 80' lang='grc' dir='ltr'><strong><em>κατὰ</em></strong></span> <span class='ocrx_word' id='word_1_218' title='bbox 1031 2625 1108 2695; x_wconf 86' lang='grc' dir='ltr'><strong><em>τοὺς</em></strong></span> <span class='ocrx_word' id='word_1_219' title='bbox 1130 2625 1254 2703; x_wconf 80' lang='grc' dir='ltr'><strong><em>νόμους</em></strong></span> <span class='ocrx_word' id='word_1_220' title='bbox 1276 2622 1412 2697; x_wconf 79' lang='grc' dir='ltr'><strong><em>ἔχοντος</em></strong></span> <span class='ocrx_word' id='word_1_221' title='bbox 1436 2621 1637 2683; x_wconf 88' lang='lat' dir='ltr'><strong>contrarium</strong></span> <span class='ocrx_word' id='word_1_222' title='bbox 1661 2618 1817 2683; x_wconf 83' lang='lat' dir='ltr'><strong>efficiant.</strong></span> <span class='ocrx_word' id='word_1_223' title='bbox 1864 2619 1964 2700; x_wconf 81' lang='lat' dir='ltr'><strong>Quod</strong></span> 
     </span>
     <span class='ocr_line' id='line_1_20' title="bbox 272 2736 1961 2824; baseline -0.002 -19"><span class='ocrx_word' id='word_1_224' title='bbox 272 2742 300 2805; x_wconf 91' lang='lat' dir='ltr'><strong>si</strong></span> <span class='ocrx_word' id='word_1_225' title='bbox 329 2737 365 2803; x_wconf 90' lang='lat' dir='ltr'><strong>id</strong></span> <span class='ocrx_word' id='word_1_226' title='bbox 395 2761 589 2804; x_wconf 89' lang='lat' dir='ltr'><strong>concessum</strong></span> <span class='ocrx_word' id='word_1_227' title='bbox 618 2739 697 2818; x_wconf 90' lang='lat' dir='ltr'><strong>erit,</strong></span> <span class='ocrx_word' id='word_1_228' title='bbox 730 2748 834 2802; x_wconf 86' lang='lat' dir='ltr'><strong>toturn</strong></span> <span class='ocrx_word' id='word_1_229' title='bbox 864 2737 972 2801; x_wconf 90' lang='lat' dir='ltr'><strong>locum</strong></span> <span class='ocrx_word' id='word_1_230' title='bbox 1004 2748 1197 2824; x_wconf 84' lang='lat' dir='ltr'><strong>corruptum</strong></span> <span class='ocrx_word' id='word_1_231' title='bbox 1220 2761 1293 2803; x_wconf 90' lang='lat' dir='ltr'><strong>esse</strong></span> <span class='ocrx_word' id='word_1_232' title='bbox 1317 2739 1532 2824; x_wconf 88' lang='lat' dir='ltr'><strong>perspicuum</strong></span> <span class='ocrx_word' id='word_1_233' title='bbox 1556 2738 1635 2819; x_wconf 76' lang='lat' dir='ltr'><strong>erit,</strong></span> <span class='ocrx_word' id='word_1_234' title='bbox 1665 2758 1775 2822; x_wconf 88' lang='lat' dir='ltr'><strong>neque</strong></span> <span class='ocrx_word' id='word_1_235' title='bbox 1799 2736 1961 2823; x_wconf 88' lang='lat' dir='ltr'><strong>ejusmodi</strong></span> 
     </span>
     <span class='ocr_line' id='line_1_21' title="bbox 258 2853 1962 2943; baseline -0.002 -21"><span class='ocrx_word' id='word_1_236' title='bbox 258 2857 346 2924; x_wconf 61' lang='lat' dir='ltr'><strong>,loco</strong></span> <span class='ocrx_word' id='word_1_237' title='bbox 370 2857 549 2943; x_wconf 90' lang='lat' dir='ltr'><strong>quicquam</strong></span> <span class='ocrx_word' id='word_1_238' title='bbox 572 2853 708 2941; x_wconf 88' lang='lat' dir='ltr'><strong>probari</strong></span> <span class='ocrx_word' id='word_1_239' title='bbox 732 2865 852 2942; x_wconf 88' lang='lat' dir='ltr'><strong>potest.</strong></span> <span class='ocrx_word' id='word_1_240' title='bbox 887 2854 1000 2919; x_wconf 86' lang='lat' dir='ltr'><strong>Verba</strong></span> <span class='ocrx_word' id='word_1_241' title='bbox 1021 2857 1123 2939; x_wconf 86' lang='lat' dir='ltr'><strong>igitur</strong></span> <span class='ocrx_word' id='word_1_242' title='bbox 1145 2866 1300 2920; x_wconf 87' lang='lat' dir='ltr'><strong>accurate</strong></span> <span class='ocrx_word' id='word_1_243' title='bbox 1323 2858 1441 2942; x_wconf 91' lang='lat' dir='ltr'><strong>reponi</strong></span> <span class='ocrx_word' id='word_1_244' title='bbox 1465 2857 1597 2920; x_wconf 89' lang='lat' dir='ltr'><strong>omnino</strong></span> <span class='ocrx_word' id='word_1_245' title='bbox 1621 2877 1687 2919; x_wconf 90' lang='lat' dir='ltr'><strong>non</strong></span> <span class='ocrx_word' id='word_1_246' title='bbox 1710 2865 1861 2940; x_wconf 90' lang='lat' dir='ltr'><strong>possunt,</strong></span> <span class='ocrx_word' id='word_1_247' title='bbox 1890 2878 1962 2919; x_wconf 90' lang='lat' dir='ltr'><strong>eam</strong></span> 
     </span>
     <span class='ocr_line' id='line_1_22' title="bbox 272 2972 1962 3059; baseline -0.001 -19"><span class='ocrx_word' id='word_1_248' title='bbox 272 2988 381 3040; x_wconf 90' lang='lat' dir='ltr'><strong>autem</strong></span> <span class='ocrx_word' id='word_1_249' title='bbox 405 2975 631 3055; x_wconf 88' lang='lat' dir='ltr'><strong>mutationem,</strong></span> <span class='ocrx_word' id='word_1_250' title='bbox 656 2996 753 3058; x_wconf 90' lang='lat' dir='ltr'><strong>quam</strong></span> <span class='ocrx_word' id='word_1_251' title='bbox 774 2972 951 3038; x_wconf 86' lang='lat' dir='ltr'><strong>Scheibius</strong></span> <span class='ocrx_word' id='word_1_252' title='bbox 975 2975 1114 3059; x_wconf 90' lang='lat' dir='ltr'><strong>recepit,</strong></span> <span class='ocrx_word' id='word_1_253' title='bbox 1139 2973 1181 3037; x_wconf 92' lang='lat' dir='ltr'><strong>ad</strong></span> <span class='ocrx_word' id='word_1_254' title='bbox 1204 2975 1400 3037; x_wconf 90' lang='lat' dir='ltr'><strong>sententiam</strong></span> <span class='ocrx_word' id='word_1_255' title='bbox 1420 2983 1528 3059; x_wconf 89' lang='lat' dir='ltr'><strong>aptam</strong></span> <span class='ocrx_word' id='word_1_256' title='bbox 1549 2996 1622 3038; x_wconf 88' lang='lat' dir='ltr'><strong>esse</strong></span> <span class='ocrx_word' id='word_1_257' title='bbox 1641 2975 1838 3058; x_wconf 85' lang='lat' dir='ltr'><strong>putaverim,</strong></span> <span class='ocrx_word' id='word_1_258' title='bbox 1864 2995 1962 3059; x_wconf 89' lang='lat' dir='ltr'><strong>quem</strong></span> 
     </span>
     <span class='ocr_line' id='line_1_23' title="bbox 270 3083 1706 3174; baseline -0.003 -14"><span class='ocrx_word' id='word_1_259' title='bbox 270 3105 404 3160; x_wconf 89' lang='lat' dir='ltr'><strong>secutus</strong></span> <span class='ocrx_word' id='word_1_260' title='bbox 426 3092 513 3157; x_wconf 89' lang='lat' dir='ltr'><strong>hunc</strong></span> <span class='ocrx_word' id='word_1_261' title='bbox 536 3091 645 3157; x_wconf 88' lang='lat' dir='ltr'><strong>locum</strong></span> <span class='ocrx_word' id='word_1_262' title='bbox 668 3093 715 3154; x_wconf 88' lang='lat' dir='ltr'><strong>ita</strong></span> <span class='ocrx_word' id='word_1_263' title='bbox 736 3090 837 3155; x_wconf 86' lang='lat' dir='ltr'><strong>scribi</strong></span> <span class='ocrx_word' id='word_1_264' title='bbox 860 3090 975 3155; x_wconf 89' lang='lat' dir='ltr'><strong>velim:</strong></span> <span class='ocrx_word' id='word_1_265' title='bbox 999 3084 1054 3168; x_wconf 84' lang='grc' dir='ltr'><strong>οἷς</strong></span> <span class='ocrx_word' id='word_1_266' title='bbox 1077 3095 1113 3156; x_wconf 82' lang='grc' dir='ltr'><strong>δὲ</strong></span> <span class='ocrx_word' id='word_1_267' title='bbox 1136 3089 1216 3174; x_wconf 75' lang='grc' dir='ltr'><strong>μηδ’</strong></span> <span class='ocrx_word' id='word_1_268' title='bbox 1237 3091 1297 3153; x_wconf 81' lang='grc' dir='ltr'><strong>ἐὰν</strong></span> <span class='ocrx_word' id='word_1_269' title='bbox 1319 3094 1556 3171; x_wconf 81' lang='grc' dir='ltr'><strong><em>τετελευτηκὼς</em></strong></span> <span class='ocrx_word' id='word_1_270' title='bbox 1579 3083 1606 3155; x_wconf 79' lang='lat' dir='ltr'><strong>d</strong></span> <span class='ocrx_word' id='word_1_271' title='bbox 1631 3092 1706 3173; x_wconf 82' lang='grc' dir='ltr'><em>ἐγώ.</em></span> 
     </span>
    </p>

    <p class='ocr_par' dir='ltr' id='par_1_4' title="bbox 261 3207 1962 4480">
     <span class='ocr_line' id='line_1_24' title="bbox 424 3207 1960 3296; baseline 0 -21"><span class='ocrx_word' id='word_1_272' title='bbox 424 3211 501 3276; x_wconf 89' lang='lat' dir='ltr'><strong>Jam</strong></span> <span class='ocrx_word' id='word_1_273' title='bbox 523 3233 602 3275; x_wconf 87' lang='lat' dir='ltr'><strong>varo</strong></span> <span class='ocrx_word' id='word_1_274' title='bbox 627 3208 853 3296; x_wconf 88' lang='lat' dir='ltr'><strong>quaerendum</strong></span> <span class='ocrx_word' id='word_1_275' title='bbox 873 3221 934 3291; x_wconf 90' lang='lat' dir='ltr'><strong>est,</strong></span> <span class='ocrx_word' id='word_1_276' title='bbox 955 3209 1035 3295; x_wconf 92' lang='lat' dir='ltr'><strong>quid</strong></span> <span class='ocrx_word' id='word_1_277' title='bbox 1052 3211 1110 3274; x_wconf 82' lang='grc' dir='ltr'><strong><em>ε’άν</em></strong></span> <span class='ocrx_word' id='word_1_278' title='bbox 1129 3207 1292 3295; x_wconf 89' lang='lat' dir='ltr'><strong>particula</strong></span> <span class='ocrx_word' id='word_1_279' title='bbox 1310 3231 1384 3273; x_wconf 91' lang='lat' dir='ltr'><strong>cum</strong></span> <span class='ocrx_word' id='word_1_280' title='bbox 1405 3208 1617 3293; x_wconf 88' lang='lat' dir='ltr'><strong>conjunctivo</strong></span> <span class='ocrx_word' id='word_1_281' title='bbox 1637 3211 1763 3274; x_wconf 86' lang='lat' dir='ltr'><strong>sociata</strong></span> <span class='ocrx_word' id='word_1_282' title='bbox 1782 3209 1960 3294; x_wconf 85' lang='lat' dir='ltr'><strong>significet.</strong></span> 
     </span>
     <span class='ocr_line' id='line_1_25' title="bbox 272 3324 1962 3415; baseline -0.004 -17"><span class='ocrx_word' id='word_1_283' title='bbox 272 3333 308 3399; x_wconf 94' lang='lat' dir='ltr'><strong>Si</strong></span> <span class='ocrx_word' id='word_1_284' title='bbox 340 3332 369 3394; x_wconf 92' lang='lat' dir='ltr'><strong>is</strong></span> <span class='ocrx_word' id='word_1_285' title='bbox 397 3330 454 3415; x_wconf 88' lang='lat' dir='ltr'><strong>qui</strong></span> <span class='ocrx_word' id='word_1_286' title='bbox 481 3328 629 3414; x_wconf 89' lang='lat' dir='ltr'><strong>loquitur</strong></span> <span class='ocrx_word' id='word_1_287' title='bbox 659 3328 846 3413; x_wconf 85' lang='lat' dir='ltr'><strong>exspectari</strong></span> <span class='ocrx_word' id='word_1_288' title='bbox 875 3349 986 3413; x_wconf 91' lang='lat' dir='ltr'><strong>posse,</strong></span> <span class='ocrx_word' id='word_1_289' title='bbox 1022 3350 1062 3391; x_wconf 89' lang='lat' dir='ltr'><strong>ea</strong></span> <span class='ocrx_word' id='word_1_290' title='bbox 1085 3349 1170 3413; x_wconf 90' lang='lat' dir='ltr'><strong>quae</strong></span> <span class='ocrx_word' id='word_1_291' title='bbox 1193 3326 1383 3392; x_wconf 89' lang='lat' dir='ltr'><strong>condicioni</strong></span> <span class='ocrx_word' id='word_1_292' title='bbox 1407 3324 1594 3411; x_wconf 86' lang='lat' dir='ltr'><strong>subjungit,</strong></span> <span class='ocrx_word' id='word_1_293' title='bbox 1627 3338 1786 3392; x_wconf 89' lang='lat' dir='ltr'><strong>eventura</strong></span> <span class='ocrx_word' id='word_1_294' title='bbox 1809 3350 1882 3392; x_wconf 90' lang='lat' dir='ltr'><strong>esse</strong></span> <span class='ocrx_word' id='word_1_295' title='bbox 1906 3351 1962 3392; x_wconf 85' lang='lat' dir='ltr'><strong>ex·</strong></span> 
     </span>
     <span class='ocr_line' id='line_1_26' title="bbox 271 3443 1961 3536; baseline -0.002 -23"><span class='ocrx_word' id='word_1_296' title='bbox 271 3451 415 3536; x_wconf 89' lang='lat' dir='ltr'><strong>primere</strong></span> <span class='ocrx_word' id='word_1_297' title='bbox 437 3446 524 3529; x_wconf 84' lang='lat' dir='ltr'><strong>vult,</strong></span> <span class='ocrx_word' id='word_1_298' title='bbox 553 3446 613 3511; x_wconf 83' lang='grc' dir='ltr'><strong>ἐάν</strong></span> <span class='ocrx_word' id='word_1_299' title='bbox 640 3444 804 3532; x_wconf 87' lang='lat' dir='ltr'><strong>particula</strong></span> <span class='ocrx_word' id='word_1_300' title='bbox 833 3468 908 3509; x_wconf 90' lang='lat' dir='ltr'><strong>cum</strong></span> <span class='ocrx_word' id='word_1_301' title='bbox 932 3447 1144 3531; x_wconf 87' lang='lat' dir='ltr'><strong>conjunctivo</strong></span> <span class='ocrx_word' id='word_1_302' title='bbox 1168 3446 1346 3532; x_wconf 90' lang='lat' dir='ltr'><strong>conjuncta</strong></span> <span class='ocrx_word' id='word_1_303' title='bbox 1369 3445 1482 3510; x_wconf 90' lang='lat' dir='ltr'><strong>utitur.</strong></span> <span class='ocrx_word' id='word_1_304' title='bbox 1528 3443 1596 3509; x_wconf 91' lang='lat' dir='ltr'><strong>Sed</strong></span> <span class='ocrx_word' id='word_1_305' title='bbox 1619 3446 1775 3529; x_wconf 89' lang='lat' dir='ltr'><strong>quoniam</strong></span> <span class='ocrx_word' id='word_1_306' title='bbox 1800 3443 1861 3508; x_wconf 89' lang='lat' dir='ltr'><strong>hac</strong></span> <span class='ocrx_word' id='word_1_307' title='bbox 1885 3466 1961 3509; x_wconf 91' lang='lat' dir='ltr'><strong>con·</strong></span> 
     </span>
     <span class='ocr_line' id='line_1_27' title="bbox 272 3560 1959 3652; baseline -0.002 -20"><span class='ocrx_word' id='word_1_308' title='bbox 272 3561 430 3634; x_wconf 88' lang='lat' dir='ltr'><strong>diciouali</strong></span> <span class='ocrx_word' id='word_1_309' title='bbox 449 3564 588 3652; x_wconf 87' lang='lat' dir='ltr'><strong>periodo</strong></span> <span class='ocrx_word' id='word_1_310' title='bbox 608 3565 814 3650; x_wconf 84' lang='lat' dir='ltr'><strong>exspectatio</strong></span> <span class='ocrx_word' id='word_1_311' title='bbox 834 3563 947 3648; x_wconf 88' lang='lat' dir='ltr'><strong>aliqua</strong></span> <span class='ocrx_word' id='word_1_312' title='bbox 964 3564 1182 3648; x_wconf 86' lang='lat' dir='ltr'><strong>significatur,</strong></span> <span class='ocrx_word' id='word_1_313' title='bbox 1207 3561 1369 3649; x_wconf 89' lang='lat' dir='ltr'><strong>ejusmodi</strong></span> <span class='ocrx_word' id='word_1_314' title='bbox 1388 3565 1558 3628; x_wconf 87' lang='lat' dir='ltr'><strong>enuntiata</strong></span> <span class='ocrx_word' id='word_1_315' title='bbox 1576 3564 1640 3627; x_wconf 91' lang='lat' dir='ltr'><strong>nisi</strong></span> <span class='ocrx_word' id='word_1_316' title='bbox 1660 3560 1701 3625; x_wconf 91' lang='lat' dir='ltr'><strong>de</strong></span> <span class='ocrx_word' id='word_1_317' title='bbox 1721 3560 1821 3627; x_wconf 89' lang='lat' dir='ltr'><strong>rebus</strong></span> <span class='ocrx_word' id='word_1_318' title='bbox 1840 3562 1959 3628; x_wconf 86' lang='lat' dir='ltr'><strong>futuris</strong></span> 
     </span>
     <span class='ocr_line' id='line_1_28' title="bbox 270 3680 1961 3768; baseline -0.004 -17"><span class='ocrx_word' id='word_1_319' title='bbox 270 3710 337 3754; x_wconf 89' lang='lat' dir='ltr'><strong>non</strong></span> <span class='ocrx_word' id='word_1_320' title='bbox 360 3685 526 3766; x_wconf 88' lang='lat' dir='ltr'><strong>dicuntur,</strong></span> <span class='ocrx_word' id='word_1_321' title='bbox 557 3704 655 3768; x_wconf 91' lang='lat' dir='ltr'><strong>quam</strong></span> <span class='ocrx_word' id='word_1_322' title='bbox 680 3681 723 3746; x_wconf 92' lang='lat' dir='ltr'><strong>ob</strong></span> <span class='ocrx_word' id='word_1_323' title='bbox 748 3702 818 3745; x_wconf 90' lang='lat' dir='ltr'><strong>rem</strong></span> <span class='ocrx_word' id='word_1_324' title='bbox 845 3682 879 3744; x_wconf 91' lang='lat' dir='ltr'><strong>in</strong></span> <span class='ocrx_word' id='word_1_325' title='bbox 899 3680 1038 3767; x_wconf 89' lang='lat' dir='ltr'><strong>apodcsi</strong></span> <span class='ocrx_word' id='word_1_326' title='bbox 1059 3682 1203 3746; x_wconf 86' lang='lat' dir='ltr'><strong>futurum</strong></span> <span class='ocrx_word' id='word_1_327' title='bbox 1226 3682 1278 3746; x_wconf 90' lang='lat' dir='ltr'><strong>vel</strong></span> <span class='ocrx_word' id='word_1_328' title='bbox 1296 3684 1526 3768; x_wconf 89' lang='lat' dir='ltr'><strong>imperativum</strong></span> <span class='ocrx_word' id='word_1_329' title='bbox 1544 3680 1739 3767; x_wconf 91' lang='lat' dir='ltr'><strong>plerumque</strong></span> <span class='ocrx_word' id='word_1_330' title='bbox 1756 3680 1961 3760; x_wconf 88' lang='lat' dir='ltr'><strong>invenies.†)</strong></span> 
     </span>
     <span class='ocr_line' id='line_1_29' title="bbox 270 3798 1961 3890; baseline -0.004 -21"><span class='ocrx_word' id='word_1_331' title='bbox 270 3806 336 3870; x_wconf 89' lang='lat' dir='ltr'><strong>Hic</strong></span> <span class='ocrx_word' id='word_1_332' title='bbox 351 3801 487 3890; x_wconf 92' lang='lat' dir='ltr'><strong>quidem</strong></span> <span class='ocrx_word' id='word_1_333' title='bbox 504 3824 583 3866; x_wconf 92' lang='lat' dir='ltr'><strong>usus</strong></span> <span class='ocrx_word' id='word_1_334' title='bbox 596 3823 663 3866; x_wconf 91' lang='lat' dir='ltr'><strong>non</strong></span> <span class='ocrx_word' id='word_1_335' title='bbox 680 3799 814 3863; x_wconf 88' lang='lat' dir='ltr'><strong>multum</strong></span> <span class='ocrx_word' id='word_1_336' title='bbox 832 3798 979 3863; x_wconf 84' lang='lat' dir='ltr'><strong>differta</strong></span> <span class='ocrx_word' id='word_1_337' title='bbox 996 3799 1136 3865; x_wconf 85' lang='lat' dir='ltr'><strong>formula</strong></span> <span class='ocrx_word' id='word_1_338' title='bbox 1150 3822 1235 3886; x_wconf 90' lang='lat' dir='ltr'><strong>quae</strong></span> <span class='ocrx_word' id='word_1_339' title='bbox 1251 3810 1318 3867; x_wconf 89' lang='lat' dir='ltr'><strong>est:</strong></span> <span class='ocrx_word' id='word_1_340' title='bbox 1339 3800 1370 3864; x_wconf 79' lang='grc' dir='ltr'><strong>εἰ</strong></span> <span class='ocrx_word' id='word_1_341' title='bbox 1384 3798 1548 3886; x_wconf 90' lang='lat' dir='ltr'><strong>particula</strong></span> <span class='ocrx_word' id='word_1_342' title='bbox 1564 3821 1639 3863; x_wconf 90' lang='lat' dir='ltr'><strong>cum</strong></span> <span class='ocrx_word' id='word_1_343' title='bbox 1654 3798 1764 3863; x_wconf 85' lang='lat' dir='ltr'><strong>futuro</strong></span> <span class='ocrx_word' id='word_1_344' title='bbox 1782 3800 1961 3885; x_wconf 87' lang='lat' dir='ltr'><strong>conjuncta</strong></span> 
     </span>
     <span class='ocr_line' id='line_1_30' title="bbox 269 3915 1957 4007; baseline -0.003 -21"><span class='ocrx_word' id='word_1_345' title='bbox 269 3924 303 3986; x_wconf 90' lang='lat' dir='ltr'><strong>in</strong></span> <span class='ocrx_word' id='word_1_346' title='bbox 317 3922 454 4007; x_wconf 87' lang='lat' dir='ltr'><strong>protasi,</strong></span> <span class='ocrx_word' id='word_1_347' title='bbox 472 3923 506 3983; x_wconf 93' lang='lat' dir='ltr'><strong>in</strong></span> <span class='ocrx_word' id='word_1_348' title='bbox 519 3918 659 4006; x_wconf 89' lang='lat' dir='ltr'><strong>apodosi</strong></span> <span class='ocrx_word' id='word_1_349' title='bbox 674 3917 763 3982; x_wconf 91' lang='lat' dir='ltr'><strong>idem</strong></span> <span class='ocrx_word' id='word_1_350' title='bbox 775 3927 906 4006; x_wconf 88' lang='lat' dir='ltr'><strong>tempus</strong></span> <span class='ocrx_word' id='word_1_351' title='bbox 923 3917 975 3982; x_wconf 89' lang='lat' dir='ltr'><strong>vel</strong></span> <span class='ocrx_word' id='word_1_352' title='bbox 988 3918 1219 4004; x_wconf 81' lang='lat' dir='ltr'><strong>imperativus3</strong></span> <span class='ocrx_word' id='word_1_353' title='bbox 1235 3941 1301 4003; x_wconf 91' lang='lat' dir='ltr'><strong>qua</strong></span> <span class='ocrx_word' id='word_1_354' title='bbox 1314 3917 1355 3982; x_wconf 90' lang='lat' dir='ltr'><strong>de</strong></span> <span class='ocrx_word' id='word_1_355' title='bbox 1367 3919 1550 4004; x_wconf 83' lang='lat' dir='ltr'><strong>lormajam</strong></span> <span class='ocrx_word' id='word_1_356' title='bbox 1563 3940 1664 4003; x_wconf 89' lang='lat' dir='ltr'><strong>supra</strong></span> <span class='ocrx_word' id='word_1_357' title='bbox 1678 3915 1834 3998; x_wconf 81' lang='lat' dir='ltr'><strong>diximus,</strong></span> <span class='ocrx_word' id='word_1_358' title='bbox 1847 3927 1957 3982; x_wconf 89' lang='lat' dir='ltr'><strong>tamen</strong></span> 
     </span>
     <span class='ocr_line' id='line_1_31' title="bbox 268 4034 1959 4125; baseline -0.003 -21"><span class='ocrx_word' id='word_1_359' title='bbox 268 4052 320 4107; x_wconf 88' lang='lat' dir='ltr'><strong>est</strong></span> <span class='ocrx_word' id='word_1_360' title='bbox 347 4037 474 4125; x_wconf 92' lang='lat' dir='ltr'><strong>aliquid</strong></span> <span class='ocrx_word' id='word_1_361' title='bbox 497 4037 709 4119; x_wconf 87' lang='lat' dir='ltr'><strong>discriminis,</strong></span> <span class='ocrx_word' id='word_1_362' title='bbox 737 4059 811 4102; x_wconf 89' lang='lat' dir='ltr'><strong>eum</strong></span> <span class='ocrx_word' id='word_1_363' title='bbox 836 4038 1016 4119; x_wconf 89' lang='lat' dir='ltr'><strong>enuntiata,</strong></span> <span class='ocrx_word' id='word_1_364' title='bbox 1045 4058 1130 4122; x_wconf 89' lang='lat' dir='ltr'><strong>quae</strong></span> <span class='ocrx_word' id='word_1_365' title='bbox 1153 4034 1195 4100; x_wconf 90' lang='lat' dir='ltr'><strong>ab</strong></span> <span class='ocrx_word' id='word_1_366' title='bbox 1219 4038 1250 4101; x_wconf 81' lang='lat' dir='ltr'><strong>sl</strong></span> <span class='ocrx_word' id='word_1_367' title='bbox 1273 4037 1437 4122; x_wconf 89' lang='lat' dir='ltr'><strong>particula</strong></span> <span class='ocrx_word' id='word_1_368' title='bbox 1459 4059 1533 4100; x_wconf 90' lang='lat' dir='ltr'><strong>cum</strong></span> <span class='ocrx_word' id='word_1_369' title='bbox 1557 4035 1739 4100; x_wconf 88' lang='lat' dir='ltr'><strong>indicativo</strong></span> <span class='ocrx_word' id='word_1_370' title='bbox 1763 4037 1889 4100; x_wconf 91' lang='lat' dir='ltr'><strong>sociata</strong></span> <span class='ocrx_word' id='word_1_371' title='bbox 1911 4037 1959 4099; x_wconf 94' lang='lat' dir='ltr'><strong>in·</strong></span> 
     </span>
     <span class='ocr_line' id='line_1_32' title="bbox 269 4153 1960 4244; baseline -0.004 -21"><span class='ocrx_word' id='word_1_372' title='bbox 269 4159 409 4244; x_wconf 89' lang='lat' dir='ltr'><strong>cipiunt,</strong></span> <span class='ocrx_word' id='word_1_373' title='bbox 432 4177 557 4221; x_wconf 87' lang='lat' dir='ltr'><strong>meram</strong></span> <span class='ocrx_word' id='word_1_374' title='bbox 581 4154 803 4221; x_wconf 91' lang='lat' dir='ltr'><strong>concludendi</strong></span> <span class='ocrx_word' id='word_1_375' title='bbox 826 4157 987 4220; x_wconf 88' lang='lat' dir='ltr'><strong>rationem</strong></span> <span class='ocrx_word' id='word_1_376' title='bbox 1010 4177 1141 4242; x_wconf 89' lang='lat' dir='ltr'><strong>semper</strong></span> <span class='ocrx_word' id='word_1_377' title='bbox 1164 4157 1363 4241; x_wconf 87' lang='lat' dir='ltr'><strong>exprimant,</strong></span> <span class='ocrx_word' id='word_1_378' title='bbox 1388 4153 1444 4219; x_wconf 92' lang='lat' dir='ltr'><strong>ubi</strong></span> <span class='ocrx_word' id='word_1_379' title='bbox 1469 4153 1527 4218; x_wconf 80' lang='grc' dir='ltr'><strong>ἐάν</strong></span> <span class='ocrx_word' id='word_1_380' title='bbox 1550 4176 1624 4218; x_wconf 90' lang='lat' dir='ltr'><strong>cnm</strong></span> <span class='ocrx_word' id='word_1_381' title='bbox 1648 4155 1860 4239; x_wconf 90' lang='lat' dir='ltr'><strong>conjunctivo</strong></span> <span class='ocrx_word' id='word_1_382' title='bbox 1882 4176 1960 4220; x_wconf 89' lang='lat' dir='ltr'><strong>con·</strong></span> 
     </span>
     <span class='ocr_line' id='line_1_33' title="bbox 261 4269 1958 4363; baseline -0.002 -22"><span class='ocrx_word' id='word_1_383' title='bbox 261 4278 416 4363; x_wconf 89' lang='lat' dir='ltr'><strong>junctum</strong></span> <span class='ocrx_word' id='word_1_384' title='bbox 440 4275 596 4356; x_wconf 86' lang='lat' dir='ltr'><strong>occurrit,</strong></span> <span class='ocrx_word' id='word_1_385' title='bbox 623 4275 883 4360; x_wconf 87' lang='lat' dir='ltr'><strong>exspectationis</strong></span> <span class='ocrx_word' id='word_1_386' title='bbox 906 4273 959 4338; x_wconf 84' lang='lat' dir='ltr'><strong>vel</strong></span> <span class='ocrx_word' id='word_1_387' title='bbox 978 4274 1154 4338; x_wconf 87' lang='lat' dir='ltr'><strong>voluntatis</strong></span> <span class='ocrx_word' id='word_1_388' title='bbox 1177 4272 1344 4359; x_wconf 89' lang='lat' dir='ltr'><strong>loquentis</strong></span> <span class='ocrx_word' id='word_1_389' title='bbox 1367 4274 1450 4337; x_wconf 89' lang='lat' dir='ltr'><strong>ratio</strong></span> <span class='ocrx_word' id='word_1_390' title='bbox 1474 4271 1646 4335; x_wconf 87' lang='lat' dir='ltr'><strong>habeatur.</strong></span> <span class='ocrx_word' id='word_1_391' title='bbox 1705 4272 1793 4337; x_wconf 86' lang='lat' dir='ltr'><strong>Satis</strong></span> <span class='ocrx_word' id='word_1_392' title='bbox 1816 4269 1958 4338; x_wconf 88' lang='lat' dir='ltr'><strong>obscure</strong></span> 
     </span>
     <span class='ocr_line' id='line_1_34' title="bbox 267 4388 1956 4480; baseline -0.004 -20"><span class='ocrx_word' id='word_1_393' title='bbox 267 4394 417 4480; x_wconf 83' lang='lat' dir='ltr'><strong>falsoque</strong></span> <span class='ocrx_word' id='word_1_394' title='bbox 439 4391 700 4470; x_wconf 81' lang='lat' dir='ltr'><strong>Kuehnerns††)</strong></span> <span class='ocrx_word' id='word_1_395' title='bbox 730 4391 819 4456; x_wconf 91' lang='lat' dir='ltr'><strong>illam</strong></span> <span class='ocrx_word' id='word_1_396' title='bbox 848 4390 1103 4476; x_wconf 86' lang='lat' dir='ltr'><strong>discrepantiam</strong></span> <span class='ocrx_word' id='word_1_397' title='bbox 1134 4392 1182 4455; x_wconf 86' lang='lat' dir='ltr'><strong>ita</strong></span> <span class='ocrx_word' id='word_1_398' title='bbox 1212 4393 1341 4456; x_wconf 87' lang='lat' dir='ltr'><strong>statuit:</strong></span> <span class='ocrx_word' id='word_1_399' title='bbox 1374 4440 1382 4455; x_wconf 93' lang='lat'><strong>.</strong></span> <span class='ocrx_word' id='word_1_400' title='bbox 1407 4441 1414 4454; x_wconf 94' lang='lat'><strong>.</strong></span> <span class='ocrx_word' id='word_1_401' title='bbox 1440 4439 1448 4455; x_wconf 95' lang='lat'><strong>.</strong></span> <span class='ocrx_word' id='word_1_402' title='bbox 1481 4414 1516 4455; x_wconf 89' lang='lat' dir='ltr'><strong>es</strong></span> <span class='ocrx_word' id='word_1_403' title='bbox 1545 4388 1650 4453; x_wconf 90' lang='lat' dir='ltr'><strong>findet</strong></span> <span class='ocrx_word' id='word_1_404' title='bbox 1672 4412 1733 4454; x_wconf 90' lang='lat' dir='ltr'><strong>nur</strong></span> <span class='ocrx_word' id='word_1_405' title='bbox 1756 4388 1815 4453; x_wconf 90' lang='lat' dir='ltr'><strong>der</strong></span> <span class='ocrx_word' id='word_1_406' title='bbox 1836 4389 1956 4455; x_wconf 90' lang='lat' dir='ltr'><strong>Unter·</strong></span> 
     </span>
    </p>
   </div>
   <div class='ocr_carea' id='block_1_4' title="bbox 353 4507 937 4782">
    <p class='ocr_par' dir='ltr' id='par_1_5' title="bbox 353 4507 937 4782">
     <span class='ocr_line' id='line_1_35' title="bbox 353 4507 937 4613; baseline -0.005 -16"><span class='ocrx_word' id='word_1_407' title='bbox 353 4507 569 4609; x_wconf 21' lang='lat' dir='ltr'><strong>“Wuohn.</strong></span> <span class='ocrx_word' id='word_1_408' title='bbox 588 4563 626 4611; x_wconf 82' lang='lat' dir='ltr'><strong>gr.</strong></span> <span class='ocrx_word' id='word_1_409' title='bbox 645 4547 679 4603; x_wconf 85' lang='lat'><strong>11.</strong></span> <span class='ocrx_word' id='word_1_410' title='bbox 698 4562 758 4613; x_wconf 78' lang='lat' dir='ltr'><strong>pag.</strong></span> <span class='ocrx_word' id='word_1_411' title='bbox 772 4544 823 4596; x_wconf 82' lang='lat'><strong>978</strong></span> <span class='ocrx_word' id='word_1_412' title='bbox 836 4561 898 4595; x_wconf 87' lang='lat' dir='ltr'><strong>ann.</strong></span> <span class='ocrx_word' id='word_1_413' title='bbox 913 4544 937 4594; x_wconf 76' lang='grc' dir='ltr'><strong>ἶ).</strong></span> 
     </span>
     <span class='ocr_line' id='line_1_36' title="bbox 422 4628 649 4697; baseline 0 -16"><span class='ocrx_word' id='word_1_414' title='bbox 422 4632 463 4692; x_wconf 71' lang='lat' dir='ltr'><strong>“l</strong></span> <span class='ocrx_word' id='word_1_415' title='bbox 481 4631 498 4681; x_wconf 89' lang='lat' dir='ltr'><strong>l.</strong></span> <span class='ocrx_word' id='word_1_416' title='bbox 517 4647 539 4681; x_wconf 90' lang='lat' dir='ltr'><strong>c.</strong></span> <span class='ocrx_word' id='word_1_417' title='bbox 558 4628 575 4697; x_wconf 67' lang='grc' dir='ltr'><strong>ξ</strong></span> <span class='ocrx_word' id='word_1_418' title='bbox 592 4630 649 4681; x_wconf 76' lang='lat'><strong>202.</strong></span> 
     </span>
     <span class='ocr_line' id='line_1_37' title="bbox 421 4713 701 4782; baseline -0.007 -17"><span class='ocrx_word' id='word_1_419' title='bbox 421 4715 478 4779; x_wconf 78' lang='grc'>***)</span> <span class='ocrx_word' id='word_1_420' title='bbox 497 4734 535 4782; x_wconf 78' lang='lat' dir='ltr'><strong>gr.</strong></span> <span class='ocrx_word' id='word_1_421' title='bbox 553 4717 588 4765; x_wconf 81' lang='grc' dir='ltr'><strong>ΙΙ.</strong></span> <span class='ocrx_word' id='word_1_422' title='bbox 607 4713 658 4764; x_wconf 75' lang='lat' dir='ltr'><strong>sot</strong></span> <span class='ocrx_word' id='word_1_423' title='bbox 677 4716 701 4765; x_wconf 87' lang='lat' dir='ltr'><strong>d.</strong></span> 
     </span>
    </p>
   </div>
   <div class='ocr_carea' id='block_1_5' title="bbox 421 4798 845 4951">
    <p class='ocr_par' dir='ltr' id='par_1_6' title="bbox 421 4798 845 4951">
     <span class='ocr_line' id='line_1_38' title="bbox 421 4798 845 4867; baseline -0.012 -15"><span class='ocrx_word' id='word_1_424' title='bbox 421 4802 449 4863; x_wconf 84' lang='lat'><strong>†)</strong></span> <span class='ocrx_word' id='word_1_425' title='bbox 468 4802 574 4852; x_wconf 84' lang='lat' dir='ltr'><strong>Knehn.</strong></span> <span class='ocrx_word' id='word_1_426' title='bbox 593 4817 629 4867; x_wconf 76' lang='lat' dir='ltr'><strong>gr.</strong></span> <span class='ocrx_word' id='word_1_427' title='bbox 650 4802 688 4859; x_wconf 83' lang='lat'><strong>11,</strong></span> <span class='ocrx_word' id='word_1_428' title='bbox 706 4816 766 4866; x_wconf 82' lang='lat' dir='ltr'><strong>pag.</strong></span> <span class='ocrx_word' id='word_1_429' title='bbox 785 4798 845 4848; x_wconf 81' lang='lat'><strong>976.</strong></span> 
     </span>
     <span class='ocr_line' id='line_1_39' title="bbox 423 4884 659 4951; baseline -0.013 -15"><span class='ocrx_word' id='word_1_430' title='bbox 423 4885 471 4950; x_wconf 59' lang='grc' dir='ltr'><strong>ἡ)</strong></span> <span class='ocrx_word' id='word_1_431' title='bbox 490 4902 527 4951; x_wconf 77' lang='lat' dir='ltr'><strong>gr.</strong></span> <span class='ocrx_word' id='word_1_432' title='bbox 548 4886 582 4934; x_wconf 89' lang='lat'><strong>11.</strong></span> <span class='ocrx_word' id='word_1_433' title='bbox 601 4884 659 4935; x_wconf 81' lang='lat'><strong>976.</strong></span> 
     </span>
    </p>
   </div>
   <div class='ocr_carea' id='block_1_6' title="bbox 0 0 2146 5572">
    <p class='ocr_par' dir='ltr' id='par_1_7' title="bbox 0 0 2146 5572">
     <span class='ocr_line' id='line_1_40' title="bbox 0 0 2146 5572; baseline 0 1"><span class='ocrx_word' id='word_1_434' title='bbox 0 0 2146 5572; x_wconf 95' lang='lat' dir='ltr'><strong> </strong></span> 
     </span>
    </p>
   </div>
  </div>
 </body>
</html>
