<?xml version="1.0" encoding="UTF-8"?>
<!DOCTYPE html PUBLIC "-//W3C//DTD XHTML 1.0 Transitional//EN"
    "http://www.w3.org/TR/xhtml1/DTD/xhtml1-transitional.dtd">
<html xmlns="http://www.w3.org/1999/xhtml" xml:lang="en" lang="en">
 <head>
  <title>
</title>
<meta http-equiv="Content-Type" content="text/html;charset=utf-8" />
  <meta name='ocr-system' content='tesseract 3.04.00' />
  <meta name='ocr-capabilities' content='ocr_page ocr_carea ocr_par ocr_line ocrx_word'/>
</head>
<body>
  <div class='ocr_page' id='page_1' title='image "./deenuntiatoruma00knopgoog_0034.png"; bbox 0 0 4284 5572; ppageno 0'>
   <div class='ocr_carea' id='block_1_1' title="bbox 1861 420 1908 489">
    <p class='ocr_par' dir='ltr' id='par_1_1' title="bbox 1861 420 1908 489">
     <span class='ocr_line' id='line_1_1' title="bbox 1861 420 1908 489; baseline 0 0"><span class='ocrx_word' id='word_1_1' title='bbox 1861 420 1908 489; x_wconf 78' lang='lat'><strong>29</strong></span> 
     </span>
    </p>
   </div>
   <div class='ocr_carea' id='block_1_2' title="bbox 221 615 1911 826">
    <p class='ocr_par' dir='ltr' id='par_1_2' title="bbox 221 615 1911 826">
     <span class='ocr_line' id='line_1_2' title="bbox 223 615 1911 706; baseline -0.001 -21"><span class='ocrx_word' id='word_1_2' title='bbox 223 617 302 685; x_wconf 88' lang='lat' dir='ltr'><strong>Sine</strong></span> <span class='ocrx_word' id='word_1_3' title='bbox 335 616 436 685; x_wconf 88' lang='lat' dir='ltr'><strong>dubio</strong></span> <span class='ocrx_word' id='word_1_4' title='bbox 465 615 603 684; x_wconf 88' lang='lat' dir='ltr'><strong>verbum</strong></span> <span class='ocrx_word' id='word_1_5' title='bbox 633 620 753 702; x_wconf 78' lang='grc' dir='ltr'><strong><em>χρῆναι</em></strong></span> <span class='ocrx_word' id='word_1_6' title='bbox 781 617 892 684; x_wconf 79' lang='lat' dir='ltr'><strong>futuro</strong></span> <span class='ocrx_word' id='word_1_7' title='bbox 921 640 1034 683; x_wconf 89' lang='lat' dir='ltr'><strong>carere</strong></span> <span class='ocrx_word' id='word_1_8' title='bbox 1064 629 1190 706; x_wconf 86' lang='lat' dir='ltr'><strong>potest,</strong></span> <span class='ocrx_word' id='word_1_9' title='bbox 1223 616 1311 705; x_wconf 93' lang='lat' dir='ltr'><strong>quod</strong></span> <span class='ocrx_word' id='word_1_10' title='bbox 1341 618 1412 704; x_wconf 87' lang='lat' dir='ltr'><strong>ejus</strong></span> <span class='ocrx_word' id='word_1_11' title='bbox 1443 619 1533 684; x_wconf 92' lang='lat' dir='ltr'><strong>notio</strong></span> <span class='ocrx_word' id='word_1_12' title='bbox 1565 639 1628 706; x_wconf 86' lang='lat' dir='ltr'><strong>per</strong></span> <span class='ocrx_word' id='word_1_13' title='bbox 1656 640 1692 683; x_wconf 88' lang='lat' dir='ltr'><strong>se</strong></span> <span class='ocrx_word' id='word_1_14' title='bbox 1716 616 1757 682; x_wconf 85' lang='lat' dir='ltr'><strong>ad</strong></span> <span class='ocrx_word' id='word_1_15' title='bbox 1781 628 1911 704; x_wconf 85' lang='lat' dir='ltr'><strong>tempus</strong></span> 
     </span>
     <span class='ocr_line' id='line_1_3' title="bbox 221 737 1911 826; baseline 0 -24"><span class='ocrx_word' id='word_1_16' title='bbox 221 738 366 802; x_wconf 80' lang='lat' dir='ltr'><strong>futurum</strong></span> <span class='ocrx_word' id='word_1_17' title='bbox 394 738 553 821; x_wconf 87' lang='lat' dir='ltr'><strong>refertur,</strong></span> <span class='ocrx_word' id='word_1_18' title='bbox 584 749 787 826; x_wconf 88' lang='lat' dir='ltr'><strong>quapropter</strong></span> <span class='ocrx_word' id='word_1_19' title='bbox 814 743 955 823; x_wconf 82' lang='grc' dir='ltr'><strong><em>χρῆσται</em></strong></span> <span class='ocrx_word' id='word_1_20' title='bbox 983 738 1090 802; x_wconf 85' lang='lat' dir='ltr'><strong>forma</strong></span> <span class='ocrx_word' id='word_1_21' title='bbox 1120 741 1254 805; x_wconf 91' lang='lat' dir='ltr'><strong>omnino</strong></span> <span class='ocrx_word' id='word_1_22' title='bbox 1285 762 1360 804; x_wconf 86' lang='lat' dir='ltr'><strong>raro</strong></span> <span class='ocrx_word' id='word_1_23' title='bbox 1387 749 1576 825; x_wconf 89' lang='lat' dir='ltr'><strong>usurpatur.</strong></span> <span class='ocrx_word' id='word_1_24' title='bbox 1621 737 1732 824; x_wconf 81' lang='lat' dir='ltr'>Atque</span> <span class='ocrx_word' id='word_1_25' title='bbox 1762 740 1795 801; x_wconf 90' lang='lat' dir='ltr'><strong>in</strong></span> <span class='ocrx_word' id='word_1_26' title='bbox 1821 737 1911 821; x_wconf 80' lang='lat' dir='ltr'><strong>1V,o</strong></span> 
     </span>
    </p>
   </div>
   <div class='ocr_carea' id='block_1_3' title="bbox 109 855 1911 946">
    <p class='ocr_par' dir='ltr' id='par_1_3' title="bbox 109 855 1911 946">
     <span class='ocr_line' id='line_1_4' title="bbox 109 855 1911 946; baseline 0 -26"><span class='ocrx_word' id='word_1_27' title='bbox 109 910 113 915; x_wconf 95' lang='lat'>.</span> <span class='ocrx_word' id='word_1_28' title='bbox 222 855 368 941; x_wconf 77' lang='grc' dir='ltr'><strong><em>ἀκριβεῖς</em></strong></span> <span class='ocrx_word' id='word_1_29' title='bbox 390 857 505 923; x_wconf 82' lang='grc' dir='ltr'><strong><em>ἴσασιν</em></strong></span> <span class='ocrx_word' id='word_1_30' title='bbox 528 858 580 923; x_wconf 83' lang='grc' dir='ltr'><strong>ὅτι</strong></span> <span class='ocrx_word' id='word_1_31' title='bbox 603 909 609 921; x_wconf 96' lang='grc'>.</span> <span class='ocrx_word' id='word_1_32' title='bbox 634 908 640 921; x_wconf 95' lang='grc'><strong><em>.</em></strong></span> <span class='ocrx_word' id='word_1_33' title='bbox 667 908 674 921; x_wconf 92' lang='grc'><strong>.</strong></span> <span class='ocrx_word' id='word_1_34' title='bbox 700 859 811 940; x_wconf 80' lang='grc' dir='ltr'><strong><em>δεήσει</em></strong></span> <span class='ocrx_word' id='word_1_35' title='bbox 832 859 902 922; x_wconf 83' lang='lat' dir='ltr'><strong>fere</strong></span> <span class='ocrx_word' id='word_1_36' title='bbox 925 855 1097 944; x_wconf 84' lang='lat' dir='ltr'><strong>idemest,</strong></span> <span class='ocrx_word' id='word_1_37' title='bbox 1121 859 1212 945; x_wconf 92' lang='lat' dir='ltr'><strong>quod</strong></span> <span class='ocrx_word' id='word_1_38' title='bbox 1236 859 1376 946; x_wconf 84' lang='lat' dir='ltr'><strong>simplex</strong></span> <span class='ocrx_word' id='word_1_39' title='bbox 1394 861 1515 941; x_wconf 79' lang='grc' dir='ltr'><strong><em>δεήσει,</em></strong></span> <span class='ocrx_word' id='word_1_40' title='bbox 1540 880 1614 922; x_wconf 87' lang='lat' dir='ltr'><strong>cnm</strong></span> <span class='ocrx_word' id='word_1_41' title='bbox 1634 859 1667 922; x_wconf 90' lang='lat' dir='ltr'><strong>in</strong></span> <span class='ocrx_word' id='word_1_42' title='bbox 1686 857 1800 939; x_wconf 83' lang='lat' dir='ltr'><strong>vl1,4</strong></span> <span class='ocrx_word' id='word_1_43' title='bbox 1818 878 1911 943; x_wconf 88' lang='lat' dir='ltr'><strong>prae·</strong></span> 
     </span>
    </p>
   </div>
   <div class='ocr_carea' id='block_1_4' title="bbox 220 976 1914 1657">
    <p class='ocr_par' dir='ltr' id='par_1_4' title="bbox 220 976 1914 1657">
     <span class='ocr_line' id='line_1_5' title="bbox 220 976 1911 1063; baseline 0.001 -24"><span class='ocrx_word' id='word_1_44' title='bbox 220 977 323 1041; x_wconf 83' lang='lat' dir='ltr'><strong>sentis</strong></span> <span class='ocrx_word' id='word_1_45' title='bbox 349 979 509 1063; x_wconf 86' lang='lat' dir='ltr'><strong>temporis</strong></span> <span class='ocrx_word' id='word_1_46' title='bbox 537 978 737 1063; x_wconf 86' lang='lat' dir='ltr'><strong>significatio</strong></span> <span class='ocrx_word' id='word_1_47' title='bbox 765 978 874 1042; x_wconf 87' lang='lat' dir='ltr'><strong>locum</strong></span> <span class='ocrx_word' id='word_1_48' title='bbox 903 989 1024 1043; x_wconf 85' lang='lat' dir='ltr'><strong>teneat.</strong></span> <span class='ocrx_word' id='word_1_49' title='bbox 1057 979 1099 1044; x_wconf 88' lang='lat' dir='ltr'><strong>cf.</strong></span> <span class='ocrx_word' id='word_1_50' title='bbox 1133 979 1226 1061; x_wconf 86' lang='lat' dir='ltr'><strong>VIII,</strong></span> <span class='ocrx_word' id='word_1_51' title='bbox 1239 980 1281 1043; x_wconf 83' lang='lat'><strong>43</strong></span> <span class='ocrx_word' id='word_1_52' title='bbox 1304 989 1337 1042; x_wconf 90' lang='lat' dir='ltr'><strong>et</strong></span> <span class='ocrx_word' id='word_1_53' title='bbox 1359 978 1418 1060; x_wconf 91' lang='lat' dir='ltr'><strong>IV,</strong></span> <span class='ocrx_word' id='word_1_54' title='bbox 1441 981 1471 1061; x_wconf 93' lang='lat' dir='ltr'><strong>l,</strong></span> <span class='ocrx_word' id='word_1_55' title='bbox 1495 976 1553 1042; x_wconf 91' lang='lat' dir='ltr'><strong>ubi</strong></span> <span class='ocrx_word' id='word_1_56' title='bbox 1577 976 1669 1042; x_wconf 72' lang='lat' dir='ltr'><strong>lurco</strong></span> <span class='ocrx_word' id='word_1_57' title='bbox 1693 977 1813 1063; x_wconf 88' lang='lat' dir='ltr'><strong>copula</strong></span> <span class='ocrx_word' id='word_1_58' title='bbox 1835 999 1911 1063; x_wconf 88' lang='lat' dir='ltr'><strong>sup·</strong></span> 
     </span>
     <span class='ocr_line' id='line_1_6' title="bbox 222 1093 1913 1184; baseline 0.001 -26"><span class='ocrx_word' id='word_1_59' title='bbox 222 1093 344 1180; x_wconf 88' lang='lat' dir='ltr'><strong>plenda</strong></span> <span class='ocrx_word' id='word_1_60' title='bbox 367 1107 427 1162; x_wconf 88' lang='lat' dir='ltr'><strong>est.</strong></span> <span class='ocrx_word' id='word_1_61' title='bbox 467 1096 551 1162; x_wconf 89' lang='lat' dir='ltr'><strong>Loci</strong></span> <span class='ocrx_word' id='word_1_62' title='bbox 578 1106 697 1178; x_wconf 87' lang='lat' dir='ltr'><strong>autem,</strong></span> <span class='ocrx_word' id='word_1_63' title='bbox 722 1098 778 1182; x_wconf 92' lang='lat' dir='ltr'><strong>qui</strong></span> <span class='ocrx_word' id='word_1_64' title='bbox 803 1097 934 1179; x_wconf 82' lang='lat' dir='ltr'><strong>V111,5</strong></span> <span class='ocrx_word' id='word_1_65' title='bbox 957 1109 990 1161; x_wconf 91' lang='lat' dir='ltr'><strong>et</strong></span> <span class='ocrx_word' id='word_1_66' title='bbox 1008 1098 1070 1181; x_wconf 89' lang='lat' dir='ltr'><strong>XI,</strong></span> <span class='ocrx_word' id='word_1_67' title='bbox 1093 1098 1135 1162; x_wconf 85' lang='grc'><strong>38</strong></span> <span class='ocrx_word' id='word_1_68' title='bbox 1160 1099 1381 1184; x_wconf 88' lang='lat' dir='ltr'><strong>reperiuntur,</strong></span> <span class='ocrx_word' id='word_1_69' title='bbox 1413 1099 1446 1160; x_wconf 95' lang='lat' dir='ltr'><strong>in</strong></span> <span class='ocrx_word' id='word_1_70' title='bbox 1472 1096 1611 1183; x_wconf 90' lang='lat' dir='ltr'><strong>apodosi</strong></span> <span class='ocrx_word' id='word_1_71' title='bbox 1635 1097 1819 1182; x_wconf 88' lang='lat' dir='ltr'><strong>praesentis</strong></span> <span class='ocrx_word' id='word_1_72' title='bbox 1842 1096 1913 1182; x_wconf 85' lang='lat' dir='ltr'><strong>qui·</strong></span> 
     </span>
     <span class='ocr_line' id='line_1_7' title="bbox 223 1213 1913 1302; baseline 0.001 -25"><span class='ocrx_word' id='word_1_73' title='bbox 223 1213 297 1278; x_wconf 92' lang='lat' dir='ltr'><strong>dem</strong></span> <span class='ocrx_word' id='word_1_74' title='bbox 328 1214 543 1280; x_wconf 83' lang='lat' dir='ltr'><strong>indicativum</strong></span> <span class='ocrx_word' id='word_1_75' title='bbox 573 1215 752 1302; x_wconf 79' lang='lat' dir='ltr'>praebent,</span> <span class='ocrx_word' id='word_1_76' title='bbox 784 1216 843 1282; x_wconf 85' lang='lat' dir='ltr'><strong>sed</strong></span> <span class='ocrx_word' id='word_1_77' title='bbox 872 1216 1015 1296; x_wconf 77' lang='grc' dir='ltr'><strong><em>ἐλπίζειν</em></strong></span> <span class='ocrx_word' id='word_1_78' title='bbox 1046 1227 1079 1280; x_wconf 89' lang='lat' dir='ltr'><strong>et</strong></span> <span class='ocrx_word' id='word_1_79' title='bbox 1107 1215 1245 1292; x_wconf 82' lang='grc' dir='ltr'><strong><em>ἐλπίδας</em></strong></span> <span class='ocrx_word' id='word_1_80' title='bbox 1277 1215 1360 1296; x_wconf 75' lang='grc' dir='ltr'><strong><em>ἔχειν</em></strong></span> <span class='ocrx_word' id='word_1_81' title='bbox 1388 1214 1492 1279; x_wconf 90' lang='lat' dir='ltr'><strong>verba</strong></span> <span class='ocrx_word' id='word_1_82' title='bbox 1514 1238 1587 1279; x_wconf 91' lang='lat' dir='ltr'><strong>cum</strong></span> <span class='ocrx_word' id='word_1_83' title='bbox 1615 1215 1718 1279; x_wconf 82' lang='lat' dir='ltr'><strong>futuri</strong></span> <span class='ocrx_word' id='word_1_84' title='bbox 1741 1215 1913 1279; x_wconf 84' lang='lat' dir='ltr'><strong>infinitivis</strong></span> 
     </span>
     <span class='ocr_line' id='line_1_8' title="bbox 222 1332 1911 1420; baseline 0.002 -24"><span class='ocrx_word' id='word_1_85' title='bbox 222 1334 400 1418; x_wconf 87' lang='lat' dir='ltr'><strong>conjuncta</strong></span> <span class='ocrx_word' id='word_1_86' title='bbox 430 1357 525 1399; x_wconf 88' lang='lat' dir='ltr'><strong>unam</strong></span> <span class='ocrx_word' id='word_1_87' title='bbox 556 1336 723 1400; x_wconf 86' lang='lat' dir='ltr'><strong>notionem</strong></span> <span class='ocrx_word' id='word_1_88' title='bbox 754 1334 904 1399; x_wconf 87' lang='lat' dir='ltr'><strong>efficiunt</strong></span> <span class='ocrx_word' id='word_1_89' title='bbox 934 1347 968 1399; x_wconf 90' lang='lat' dir='ltr'><strong>et</strong></span> <span class='ocrx_word' id='word_1_90' title='bbox 995 1335 1097 1398; x_wconf 82' lang='lat' dir='ltr'><strong>futuri</strong></span> <span class='ocrx_word' id='word_1_91' title='bbox 1126 1334 1235 1399; x_wconf 91' lang='lat' dir='ltr'><strong>locum</strong></span> <span class='ocrx_word' id='word_1_92' title='bbox 1264 1344 1386 1398; x_wconf 87' lang='lat' dir='ltr'><strong>tenent.</strong></span> <span class='ocrx_word' id='word_1_93' title='bbox 1433 1335 1550 1419; x_wconf 82' lang='lat' dir='ltr'>Neque</span> <span class='ocrx_word' id='word_1_94' title='bbox 1582 1335 1700 1398; x_wconf 89' lang='lat' dir='ltr'><strong>mirum</strong></span> <span class='ocrx_word' id='word_1_95' title='bbox 1725 1345 1792 1416; x_wconf 86' lang='lat' dir='ltr'><strong>est,</strong></span> <span class='ocrx_word' id='word_1_96' title='bbox 1822 1332 1911 1420; x_wconf 92' lang='lat' dir='ltr'><strong>quod</strong></span> 
     </span>
     <span class='ocr_line' id='line_1_9' title="bbox 221 1450 1914 1539; baseline 0.002 -26"><span class='ocrx_word' id='word_1_97' title='bbox 221 1451 255 1513; x_wconf 90' lang='lat' dir='ltr'><strong>in</strong></span> <span class='ocrx_word' id='word_1_98' title='bbox 293 1450 431 1538; x_wconf 82' lang='lat' dir='ltr'><strong>epodosi</strong></span> <span class='ocrx_word' id='word_1_99' title='bbox 469 1455 635 1538; x_wconf 79' lang='lat' dir='ltr'>optativus</span> <span class='ocrx_word' id='word_1_100' title='bbox 673 1474 747 1517; x_wconf 91' lang='lat' dir='ltr'><strong>cum</strong></span> <span class='ocrx_word' id='word_1_101' title='bbox 779 1450 820 1516; x_wconf 82' lang='lat' dir='ltr'><strong>dv</strong></span> <span class='ocrx_word' id='word_1_102' title='bbox 856 1453 1018 1539; x_wconf 88' lang='lat' dir='ltr'><strong>particula</strong></span> <span class='ocrx_word' id='word_1_103' title='bbox 1057 1455 1200 1519; x_wconf 90' lang='lat' dir='ltr'><strong>sociatus</strong></span> <span class='ocrx_word' id='word_1_104' title='bbox 1241 1453 1400 1533; x_wconf 89' lang='lat' dir='ltr'><strong>occurrit,</strong></span> <span class='ocrx_word' id='word_1_105' title='bbox 1439 1474 1512 1515; x_wconf 90' lang='lat' dir='ltr'><strong>cum</strong></span> <span class='ocrx_word' id='word_1_106' title='bbox 1553 1463 1587 1516; x_wconf 91' lang='lat' dir='ltr'><strong>et</strong></span> <span class='ocrx_word' id='word_1_107' title='bbox 1616 1451 1659 1515; x_wconf 94' lang='lat' dir='ltr'><strong>ad</strong></span> <span class='ocrx_word' id='word_1_108' title='bbox 1691 1475 1848 1539; x_wconf 77' lang='lat' dir='ltr'><strong>praesens</strong></span> <span class='ocrx_word' id='word_1_109' title='bbox 1880 1463 1914 1517; x_wconf 93' lang='lat' dir='ltr'><strong>et</strong></span> 
     </span>
     <span class='ocr_line' id='line_1_10' title="bbox 221 1567 1910 1657; baseline 0.002 -26"><span class='ocrx_word' id='word_1_110' title='bbox 221 1567 263 1631; x_wconf 90' lang='lat' dir='ltr'><strong>ad</strong></span> <span class='ocrx_word' id='word_1_111' title='bbox 300 1568 444 1634; x_wconf 85' lang='lat' dir='ltr'><strong>futurum</strong></span> <span class='ocrx_word' id='word_1_112' title='bbox 480 1581 611 1656; x_wconf 87' lang='lat' dir='ltr'><strong>tempus</strong></span> <span class='ocrx_word' id='word_1_113' title='bbox 648 1570 764 1635; x_wconf 87' lang='lat' dir='ltr'><strong>referri</strong></span> <span class='ocrx_word' id='word_1_114' title='bbox 801 1572 922 1656; x_wconf 89' lang='lat' dir='ltr'><strong>possit;</strong></span> <span class='ocrx_word' id='word_1_115' title='bbox 960 1573 1054 1656; x_wconf 88' lang='lat' dir='ltr'><strong>cujus</strong></span> <span class='ocrx_word' id='word_1_116' title='bbox 1090 1572 1221 1654; x_wconf 83' lang='lat' dir='ltr'><strong>generis</strong></span> <span class='ocrx_word' id='word_1_117' title='bbox 1252 1592 1352 1633; x_wconf 89' lang='lat' dir='ltr'><strong>unum</strong></span> <span class='ocrx_word' id='word_1_118' title='bbox 1385 1570 1573 1656; x_wconf 86' lang='lat' dir='ltr'><strong>exemplum</strong></span> <span class='ocrx_word' id='word_1_119' title='bbox 1606 1574 1739 1657; x_wconf 80' lang='lat' dir='ltr'><strong>repperi</strong></span> <span class='ocrx_word' id='word_1_120' title='bbox 1772 1572 1835 1651; x_wconf 89' lang='grc' dir='ltr'><strong>ΙΙΙ,</strong></span> <span class='ocrx_word' id='word_1_121' title='bbox 1855 1575 1910 1635; x_wconf 87' lang='lat' dir='ltr'><strong>ll:</strong></span> 
     </span>
    </p>
   </div>
   <div class='ocr_carea' id='block_1_5' title="bbox 219 1680 1910 1776">
    <p class='ocr_par' dir='ltr' id='par_1_5' title="bbox 219 1680 1910 1776">
     <span class='ocr_line' id='line_1_11' title="bbox 219 1680 1910 1776; baseline 0.002 -27"><span class='ocrx_word' id='word_1_122' title='bbox 219 1687 280 1750; x_wconf 80' lang='grc' dir='ltr'><strong><em>ε’διν</em></strong></span> <span class='ocrx_word' id='word_1_123' title='bbox 308 1689 367 1770; x_wconf 79' lang='grc' dir='ltr'><strong>μὲν</strong></span> <span class='ocrx_word' id='word_1_124' title='bbox 397 1680 457 1751; x_wconf 74' lang='lat' dir='ltr'><strong>odo</strong></span> <span class='ocrx_word' id='word_1_125' title='bbox 480 1688 570 1770; x_wconf 78' lang='grc' dir='ltr'><strong><em>ὑμεῖς</em></strong></span> <span class='ocrx_word' id='word_1_126' title='bbox 591 1691 750 1770; x_wconf 77' lang='grc' dir='ltr'><strong><em>κελεύητε,</em></strong></span> <span class='ocrx_word' id='word_1_127' title='bbox 779 1693 856 1772; x_wconf 86' lang='grc' dir='ltr'><strong><em>περὶ</em></strong></span> <span class='ocrx_word' id='word_1_128' title='bbox 875 1689 970 1752; x_wconf 79' lang='grc' dir='ltr'><strong><em>ἐνίων</em></strong></span> <span class='ocrx_word' id='word_1_129' title='bbox 992 1690 1177 1773; x_wconf 75' lang='grc' dir='ltr'><strong><em>μνησθείην</em></strong></span> <span class='ocrx_word' id='word_1_130' title='bbox 1200 1687 1243 1751; x_wconf 81' lang='grc' dir='ltr'><strong><em>δν</em></strong></span> <span class='ocrx_word' id='word_1_131' title='bbox 1265 1687 1381 1752; x_wconf 79' lang='grc' dir='ltr'><strong><em>αὐτοῖν.</em></strong></span> <span class='ocrx_word' id='word_1_132' title='bbox 1429 1687 1495 1753; x_wconf 90' lang='lat' dir='ltr'><strong>Sed</strong></span> <span class='ocrx_word' id='word_1_133' title='bbox 1520 1688 1600 1775; x_wconf 93' lang='lat' dir='ltr'><strong>quid</strong></span> <span class='ocrx_word' id='word_1_134' title='bbox 1624 1713 1707 1776; x_wconf 88' lang='lat' dir='ltr'><strong>opus</strong></span> <span class='ocrx_word' id='word_1_135' title='bbox 1731 1699 1782 1755; x_wconf 88' lang='lat' dir='ltr'><strong>est</strong></span> <span class='ocrx_word' id='word_1_136' title='bbox 1803 1689 1910 1776; x_wconf 85' lang='lat' dir='ltr'><strong>plura,</strong></span> 
     </span>
    </p>
   </div>
   <div class='ocr_carea' id='block_1_6' title="bbox 219 1806 1916 4747">
    <p class='ocr_par' dir='ltr' id='par_1_6' title="bbox 221 1806 1912 2243">
     <span class='ocr_line' id='line_1_12' title="bbox 221 1806 1912 1893; baseline 0.004 -26"><span class='ocrx_word' id='word_1_137' title='bbox 221 1827 479 1870; x_wconf 90' lang='lat' dir='ltr'><strong>commemorare</strong></span> <span class='ocrx_word' id='word_1_138' title='bbox 511 1817 620 1871; x_wconf 89' lang='lat' dir='ltr'><strong>tamen</strong></span> <span class='ocrx_word' id='word_1_139' title='bbox 649 1806 765 1889; x_wconf 88' lang='lat' dir='ltr'><strong>velim,</strong></span> <span class='ocrx_word' id='word_1_140' title='bbox 790 1816 861 1872; x_wconf 87' lang='lat' dir='ltr'><strong>tota</strong></span> <span class='ocrx_word' id='word_1_141' title='bbox 891 1806 1046 1893; x_wconf 83' lang='lat' dir='ltr'><strong>periodo,</strong></span> <span class='ocrx_word' id='word_1_142' title='bbox 1080 1830 1098 1870; x_wconf 92' lang='lat' dir='ltr'><strong>e</strong></span> <span class='ocrx_word' id='word_1_143' title='bbox 1123 1829 1187 1892; x_wconf 89' lang='lat' dir='ltr'><strong>qua</strong></span> <span class='ocrx_word' id='word_1_144' title='bbox 1211 1806 1397 1892; x_wconf 85' lang='lat' dir='ltr'><strong>exemplum</strong></span> <span class='ocrx_word' id='word_1_145' title='bbox 1422 1816 1590 1893; x_wconf 89' lang='lat' dir='ltr'><strong>sumptum</strong></span> <span class='ocrx_word' id='word_1_146' title='bbox 1613 1819 1673 1887; x_wconf 88' lang='lat' dir='ltr'><strong>est,</strong></span> <span class='ocrx_word' id='word_1_147' title='bbox 1699 1808 1823 1873; x_wconf 80' lang='lat' dir='ltr'><strong>subtile</strong></span> <span class='ocrx_word' id='word_1_148' title='bbox 1847 1807 1912 1873; x_wconf 90' lang='lat' dir='ltr'><strong>dis-</strong></span> 
     </span>
     <span class='ocr_line' id='line_1_13' title="bbox 222 1923 1912 2012; baseline 0.003 -27"><span class='ocrx_word' id='word_1_149' title='bbox 222 1923 346 1987; x_wconf 83' lang='lat' dir='ltr'><strong>crimen</strong></span> <span class='ocrx_word' id='word_1_150' title='bbox 376 1926 534 2008; x_wconf 85' lang='lat' dir='ltr'><strong>cognosci</strong></span> <span class='ocrx_word' id='word_1_151' title='bbox 562 1947 677 2012; x_wconf 87' lang='lat' dir='ltr'><strong>posse,</strong></span> <span class='ocrx_word' id='word_1_152' title='bbox 712 1924 802 2010; x_wconf 93' lang='lat' dir='ltr'><strong>quod</strong></span> <span class='ocrx_word' id='word_1_153' title='bbox 830 1926 969 1990; x_wconf 88' lang='lat' dir='ltr'><strong>interest</strong></span> <span class='ocrx_word' id='word_1_154' title='bbox 997 1927 1084 1988; x_wconf 88' lang='lat' dir='ltr'><strong>inter</strong></span> <span class='ocrx_word' id='word_1_155' title='bbox 1113 1925 1354 1989; x_wconf 86' lang='lat' dir='ltr'><strong>enuntiatorum</strong></span> <span class='ocrx_word' id='word_1_156' title='bbox 1386 1924 1666 1991; x_wconf 88' lang='lat' dir='ltr'><strong>condicionalium</strong></span> <span class='ocrx_word' id='word_1_157' title='bbox 1698 1926 1858 1992; x_wconf 83' lang='lat' dir='ltr'><strong>formulas</strong></span> <span class='ocrx_word' id='word_1_158' title='bbox 1880 1927 1912 1991; x_wconf 83' lang='grc' dir='ltr'><strong><em>εί</em></strong></span> 
     </span>
     <span class='ocr_line' id='line_1_14' title="bbox 221 2040 1898 2130; baseline 0.002 -26"><span class='ocrx_word' id='word_1_159' title='bbox 221 2062 295 2105; x_wconf 90' lang='lat' dir='ltr'><strong>cnm</strong></span> <span class='ocrx_word' id='word_1_160' title='bbox 319 2052 387 2127; x_wconf 91' lang='lat' dir='ltr'><strong>opt.</strong></span> <span class='ocrx_word' id='word_1_161' title='bbox 412 2078 451 2089; x_wconf 93' lang='lat'>-</span> <span class='ocrx_word' id='word_1_162' title='bbox 476 2054 544 2130; x_wconf 91' lang='lat' dir='ltr'><strong>opt.</strong></span> <span class='ocrx_word' id='word_1_163' title='bbox 569 2066 643 2108; x_wconf 90' lang='lat' dir='ltr'><strong>cum</strong></span> <span class='ocrx_word' id='word_1_164' title='bbox 667 2040 718 2127; x_wconf 77' lang='grc' dir='ltr'><strong>ἄν,</strong></span> <span class='ocrx_word' id='word_1_165' title='bbox 740 2044 800 2109; x_wconf 75' lang='grc' dir='ltr'><strong><em>δάν</em></strong></span> <span class='ocrx_word' id='word_1_166' title='bbox 823 2065 897 2107; x_wconf 90' lang='lat' dir='ltr'><strong>curu</strong></span> <span class='ocrx_word' id='word_1_167' title='bbox 922 2044 1006 2128; x_wconf 88' lang='lat' dir='ltr'><strong>conj.</strong></span> <span class='ocrx_word' id='word_1_168' title='bbox 1033 2078 1071 2089; x_wconf 91' lang='lat'>-</span> <span class='ocrx_word' id='word_1_169' title='bbox 1096 2052 1162 2128; x_wconf 88' lang='lat' dir='ltr'><strong>opt.</strong></span> <span class='ocrx_word' id='word_1_170' title='bbox 1189 2065 1262 2106; x_wconf 88' lang='lat' dir='ltr'><strong>cum</strong></span> <span class='ocrx_word' id='word_1_171' title='bbox 1286 2040 1339 2125; x_wconf 79' lang='grc' dir='ltr'><strong>ἄν,</strong></span> <span class='ocrx_word' id='word_1_172' title='bbox 1362 2044 1393 2107; x_wconf 83' lang='grc' dir='ltr'><strong><em>εί</em></strong></span> <span class='ocrx_word' id='word_1_173' title='bbox 1416 2066 1490 2108; x_wconf 91' lang='lat' dir='ltr'><strong>curu</strong></span> <span class='ocrx_word' id='word_1_174' title='bbox 1514 2044 1583 2110; x_wconf 92' lang='lat' dir='ltr'><strong>ind.</strong></span> <span class='ocrx_word' id='word_1_175' title='bbox 1607 2067 1716 2130; x_wconf 89' lang='lat' dir='ltr'><strong>praes.</strong></span> <span class='ocrx_word' id='word_1_176' title='bbox 1744 2082 1779 2093; x_wconf 87' lang='lat'>-</span> <span class='ocrx_word' id='word_1_177' title='bbox 1805 2044 1898 2109; x_wconf 92' lang='lat' dir='ltr'><strong>indic</strong></span> 
     </span>
     <span class='ocr_line' id='line_1_15' title="bbox 221 2159 827 2243; baseline 0.003 -21"><span class='ocrx_word' id='word_1_178' title='bbox 221 2159 335 2238; x_wconf 87' lang='lat' dir='ltr'><strong>futuri,</strong></span> <span class='ocrx_word' id='word_1_179' title='bbox 355 2160 398 2224; x_wconf 88' lang='lat' dir='ltr'><strong>cf.</strong></span> <span class='ocrx_word' id='word_1_180' title='bbox 422 2161 521 2243; x_wconf 86' lang='lat' dir='ltr'><strong>XI,3</strong></span> <span class='ocrx_word' id='word_1_181' title='bbox 544 2172 577 2226; x_wconf 91' lang='lat' dir='ltr'><strong>et</strong></span> <span class='ocrx_word' id='word_1_182' title='bbox 598 2164 628 2226; x_wconf 87' lang='grc'><strong>4.</strong></span> <span class='ocrx_word' id='word_1_183' title='bbox 656 2162 698 2227; x_wconf 87' lang='grc'><strong>33</strong></span> <span class='ocrx_word' id='word_1_184' title='bbox 721 2172 755 2226; x_wconf 92' lang='lat' dir='ltr'><strong>et</strong></span> <span class='ocrx_word' id='word_1_185' title='bbox 775 2163 827 2227; x_wconf 89' lang='grc'><strong>34.</strong></span> 
     </span>
    </p>

    <p class='ocr_par' dir='ltr' id='par_1_7' title="bbox 219 2278 1914 3669">
     <span class='ocr_line' id='line_1_16' title="bbox 374 2278 1910 2366; baseline 0 -23"><span class='ocrx_word' id='word_1_186' title='bbox 374 2280 530 2366; x_wconf 89' lang='lat' dir='ltr'><strong>Denique</strong></span> <span class='ocrx_word' id='word_1_187' title='bbox 570 2304 636 2346; x_wconf 92' lang='lat' dir='ltr'><strong>non</strong></span> <span class='ocrx_word' id='word_1_188' title='bbox 669 2282 733 2345; x_wconf 89' lang='lat' dir='ltr'><strong>erit</strong></span> <span class='ocrx_word' id='word_1_189' title='bbox 762 2280 905 2346; x_wconf 88' lang='lat' dir='ltr'><strong>alienum</strong></span> <span class='ocrx_word' id='word_1_190' title='bbox 935 2278 1093 2344; x_wconf 88' lang='lat' dir='ltr'><strong>nonnulla</strong></span> <span class='ocrx_word' id='word_1_191' title='bbox 1120 2278 1274 2364; x_wconf 90' lang='lat' dir='ltr'><strong>exempla</strong></span> <span class='ocrx_word' id='word_1_192' title='bbox 1306 2280 1436 2361; x_wconf 87' lang='lat' dir='ltr'><strong>afferre,</strong></span> <span class='ocrx_word' id='word_1_193' title='bbox 1469 2279 1589 2366; x_wconf 90' lang='lat' dir='ltr'><strong>quibus</strong></span> <span class='ocrx_word' id='word_1_194' title='bbox 1621 2283 1764 2347; x_wconf 87' lang='lat' dir='ltr'><strong>rariores</strong></span> <span class='ocrx_word' id='word_1_195' title='bbox 1794 2279 1910 2344; x_wconf 86' lang='lat' dir='ltr'><strong>harum</strong></span> 
     </span>
     <span class='ocr_line' id='line_1_17' title="bbox 220 2396 1911 2486; baseline 0.003 -27"><span class='ocrx_word' id='word_1_196' title='bbox 220 2396 433 2482; x_wconf 87' lang='lat' dir='ltr'><strong>periodorum</strong></span> <span class='ocrx_word' id='word_1_197' title='bbox 464 2398 744 2464; x_wconf 84' lang='lat' dir='ltr'><strong>condicionalium</strong></span> <span class='ocrx_word' id='word_1_198' title='bbox 776 2399 901 2466; x_wconf 90' lang='lat' dir='ltr'><strong>formae</strong></span> <span class='ocrx_word' id='word_1_199' title='bbox 933 2399 1154 2463; x_wconf 90' lang='lat' dir='ltr'><strong>continentur.</strong></span> <span class='ocrx_word' id='word_1_200' title='bbox 1208 2397 1318 2463; x_wconf 88' lang='lat' dir='ltr'><strong>Semel</strong></span> <span class='ocrx_word' id='word_1_201' title='bbox 1348 2401 1436 2462; x_wconf 90' lang='lat' dir='ltr'><strong>enim</strong></span> <span class='ocrx_word' id='word_1_202' title='bbox 1466 2399 1622 2486; x_wconf 89' lang='lat' dir='ltr'><strong>apodosis</strong></span> <span class='ocrx_word' id='word_1_203' title='bbox 1652 2401 1792 2486; x_wconf 79' lang='lat' dir='ltr'><strong>perlecti</strong></span> <span class='ocrx_word' id='word_1_204' title='bbox 1827 2399 1911 2464; x_wconf 92' lang='lat' dir='ltr'><strong>indi·</strong></span> 
     </span>
     <span class='ocr_line' id='line_1_18' title="bbox 220 2508 1912 2604; baseline 0.004 -27"><span class='ocrx_word' id='word_1_205' title='bbox 220 2517 364 2579; x_wconf 87' lang='lat' dir='ltr'><strong>cativum</strong></span> <span class='ocrx_word' id='word_1_206' title='bbox 397 2514 550 2599; x_wconf 85' lang='lat' dir='ltr'><strong>exhibet,</strong></span> <span class='ocrx_word' id='word_1_207' title='bbox 580 2518 622 2582; x_wconf 87' lang='lat' dir='ltr'><strong>cf.</strong></span> <span class='ocrx_word' id='word_1_208' title='bbox 655 2518 715 2599; x_wconf 91' lang='grc' dir='ltr'><strong>ΧΙ,</strong></span> <span class='ocrx_word' id='word_1_209' title='bbox 737 2519 765 2598; x_wconf 90' lang='lat'><strong>1,</strong></span> <span class='ocrx_word' id='word_1_210' title='bbox 796 2516 854 2581; x_wconf 93' lang='lat' dir='ltr'><strong>ubi</strong></span> <span class='ocrx_word' id='word_1_211' title='bbox 883 2515 967 2580; x_wconf 87' lang='lat' dir='ltr'><strong>haec</strong></span> <span class='ocrx_word' id='word_1_212' title='bbox 996 2517 1121 2601; x_wconf 89' lang='lat' dir='ltr'><strong>scripta</strong></span> <span class='ocrx_word' id='word_1_213' title='bbox 1150 2525 1242 2580; x_wconf 90' lang='lat' dir='ltr'><strong>sunt:</strong></span> <span class='ocrx_word' id='word_1_214' title='bbox 1274 2516 1312 2580; x_wconf 82' lang='grc' dir='ltr'><strong><em>οδ</em></strong></span> <span class='ocrx_word' id='word_1_215' title='bbox 1342 2517 1406 2599; x_wconf 82' lang='grc' dir='ltr'><strong>γὰρ</strong></span> <span class='ocrx_word' id='word_1_216' title='bbox 1430 2508 1469 2598; x_wconf 75' lang='grc' dir='ltr'><strong>ἦν</strong></span> <span class='ocrx_word' id='word_1_217' title='bbox 1493 2516 1569 2600; x_wconf 73' lang='grc' dir='ltr'><strong><em>ἡμῖν</em></strong></span> <span class='ocrx_word' id='word_1_218' title='bbox 1592 2522 1730 2599; x_wconf 64' lang='grc' dir='ltr'><strong><em>(Αγνίος</em></strong></span> <span class='ocrx_word' id='word_1_219' title='bbox 1753 2518 1912 2604; x_wconf 80' lang='grc' dir='ltr'><strong><em>ἀδελφός,</em></strong></span> 
     </span>
     <span class='ocr_line' id='line_1_19' title="bbox 220 2633 1912 2724; baseline 0.002 -27"><span class='ocrx_word' id='word_1_220' title='bbox 220 2633 239 2697; x_wconf 89' lang='grc' dir='ltr'>ὁ</span> <span class='ocrx_word' id='word_1_221' title='bbox 268 2635 305 2698; x_wconf 83' lang='grc' dir='ltr'><strong><em>δὲ</em></strong></span> <span class='ocrx_word' id='word_1_222' title='bbox 331 2636 435 2716; x_wconf 85' lang='grc' dir='ltr'><strong><em>νόμος</em></strong></span> <span class='ocrx_word' id='word_1_223' title='bbox 463 2639 540 2716; x_wconf 87' lang='grc' dir='ltr'><strong><em>περὶ</em></strong></span> <span class='ocrx_word' id='word_1_224' title='bbox 571 2635 718 2721; x_wconf 83' lang='grc' dir='ltr'><strong><em>ἀδελφοῦ</em></strong></span> <span class='ocrx_word' id='word_1_225' title='bbox 746 2640 923 2719; x_wconf 82' lang='grc' dir='ltr'><strong><em>χρημάτων</em></strong></span> <span class='ocrx_word' id='word_1_226' title='bbox 954 2636 1089 2714; x_wconf 76' lang='grc' dir='ltr'><strong><em>πρῶτον</em></strong></span> <span class='ocrx_word' id='word_1_227' title='bbox 1117 2636 1278 2720; x_wconf 77' lang='grc' dir='ltr'><strong><em>ἀδελφοῖς</em></strong></span> <span class='ocrx_word' id='word_1_228' title='bbox 1305 2640 1418 2700; x_wconf 84' lang='grc' dir='ltr'><strong><em>τεκαὶ</em></strong></span> <span class='ocrx_word' id='word_1_229' title='bbox 1441 2636 1643 2724; x_wconf 78' lang='grc' dir='ltr'><strong><em>ἀδελφιδοῖς</em></strong></span> <span class='ocrx_word' id='word_1_230' title='bbox 1671 2641 1830 2719; x_wconf 89' lang='grc' dir='ltr'><strong><em>πεποίηκε</em></strong></span> <span class='ocrx_word' id='word_1_231' title='bbox 1852 2638 1912 2718; x_wconf 79' lang='grc' dir='ltr'><strong>τὴν</strong></span> 
     </span>
     <span class='ocr_line' id='line_1_20' title="bbox 219 2745 1912 2840; baseline 0.001 -24"><span class='ocrx_word' id='word_1_232' title='bbox 219 2757 451 2837; x_wconf 82' lang='grc' dir='ltr'><strong><em>κληρονομίαν,</em></strong></span> <span class='ocrx_word' id='word_1_233' title='bbox 474 2751 516 2816; x_wconf 84' lang='grc' dir='ltr'><strong><em>δν</em></strong></span> <span class='ocrx_word' id='word_1_234' title='bbox 534 2745 616 2820; x_wconf 85' lang='grc' dir='ltr'><strong><em>ιδσιν</em></strong></span> <span class='ocrx_word' id='word_1_235' title='bbox 639 2754 861 2836; x_wconf 81' lang='grc' dir='ltr'><strong><em>ὁμοπάτορες.</em></strong></span> <span class='ocrx_word' id='word_1_236' title='bbox 906 2754 1005 2817; x_wconf 88' lang='lat' dir='ltr'><strong>Hunc</strong></span> <span class='ocrx_word' id='word_1_237' title='bbox 1028 2752 1168 2839; x_wconf 86' lang='lat' dir='ltr'><strong>perfecti</strong></span> <span class='ocrx_word' id='word_1_238' title='bbox 1192 2776 1286 2818; x_wconf 87' lang='lat' dir='ltr'><strong>usum</strong></span> <span class='ocrx_word' id='word_1_239' title='bbox 1310 2754 1390 2820; x_wconf 90' lang='lat' dir='ltr'><strong>nihil</strong></span> <span class='ocrx_word' id='word_1_240' title='bbox 1415 2753 1550 2837; x_wconf 88' lang='lat' dir='ltr'><strong>habere,</strong></span> <span class='ocrx_word' id='word_1_241' title='bbox 1575 2778 1635 2820; x_wconf 88' lang='lat' dir='ltr'><strong>cur</strong></span> <span class='ocrx_word' id='word_1_242' title='bbox 1656 2757 1824 2837; x_wconf 91' lang='lat' dir='ltr'><strong>miremur,</strong></span> <span class='ocrx_word' id='word_1_243' title='bbox 1841 2755 1912 2840; x_wconf 91' lang='lat' dir='ltr'><strong>jam</strong></span> 
     </span>
     <span class='ocr_line' id='line_1_21' title="bbox 220 2872 1910 2960; baseline 0.001 -23"><span class='ocrx_word' id='word_1_244' title='bbox 220 2895 321 2958; x_wconf 88' lang='lat' dir='ltr'><strong>snpra</strong></span> <span class='ocrx_word' id='word_1_245' title='bbox 342 2872 497 2955; x_wconf 87' lang='lat' dir='ltr'><strong>vidimus,</strong></span> <span class='ocrx_word' id='word_1_246' title='bbox 522 2895 595 2938; x_wconf 89' lang='lat' dir='ltr'><strong>cum</strong></span> <span class='ocrx_word' id='word_1_247' title='bbox 619 2872 760 2938; x_wconf 76' lang='lat' dir='ltr'><strong>formula</strong></span> <span class='ocrx_word' id='word_1_248' title='bbox 783 2872 802 2936; x_wconf 89' lang='grc' dir='ltr'>ὁ</span> <span class='ocrx_word' id='word_1_249' title='bbox 824 2876 928 2956; x_wconf 91' lang='grc' dir='ltr'><strong><em>νόμος</em></strong></span> <span class='ocrx_word' id='word_1_250' title='bbox 951 2873 1110 2952; x_wconf 87' lang='grc' dir='ltr'><strong><em>πεποίηκε</em></strong></span> <span class='ocrx_word' id='word_1_251' title='bbox 1133 2893 1239 2958; x_wconf 89' lang='lat' dir='ltr'><strong>aeque</strong></span> <span class='ocrx_word' id='word_1_252' title='bbox 1262 2883 1361 2958; x_wconf 89' lang='lat' dir='ltr'><strong>atque</strong></span> <span class='ocrx_word' id='word_1_253' title='bbox 1389 2874 1409 2938; x_wconf 90' lang='grc' dir='ltr'><strong><em>δ</em></strong></span> <span class='ocrx_word' id='word_1_254' title='bbox 1431 2878 1534 2956; x_wconf 88' lang='grc' dir='ltr'><strong><em>νόμος</em></strong></span> <span class='ocrx_word' id='word_1_255' title='bbox 1557 2872 1700 2939; x_wconf 86' lang='grc' dir='ltr'><strong><em>δίδωσιν</em></strong></span> <span class='ocrx_word' id='word_1_256' title='bbox 1722 2884 1910 2960; x_wconf 88' lang='lat' dir='ltr'><strong>usurpetur.</strong></span> 
     </span>
     <span class='ocr_line' id='line_1_22' title="bbox 221 2989 1910 3079; baseline 0 -24"><span class='ocrx_word' id='word_1_257' title='bbox 221 2991 336 3056; x_wconf 85' lang='lat' dir='ltr'><strong>Altera</strong></span> <span class='ocrx_word' id='word_1_258' title='bbox 365 3003 474 3056; x_wconf 90' lang='lat' dir='ltr'><strong>antem</strong></span> <span class='ocrx_word' id='word_1_259' title='bbox 502 3015 576 3056; x_wconf 92' lang='lat' dir='ltr'><strong>rara</strong></span> <span class='ocrx_word' id='word_1_260' title='bbox 599 2993 802 3058; x_wconf 86' lang='lat' dir='ltr'><strong>constructio</strong></span> <span class='ocrx_word' id='word_1_261' title='bbox 826 3001 892 3072; x_wconf 89' lang='lat' dir='ltr'><strong>est,</strong></span> <span class='ocrx_word' id='word_1_262' title='bbox 923 3011 1007 3076; x_wconf 89' lang='lat' dir='ltr'><strong>quae</strong></span> <span class='ocrx_word' id='word_1_263' title='bbox 1031 2991 1065 3053; x_wconf 93' lang='lat' dir='ltr'><strong>in</strong></span> <span class='ocrx_word' id='word_1_264' title='bbox 1089 2989 1227 3076; x_wconf 84' lang='lat' dir='ltr'><strong>epodosi</strong></span> <span class='ocrx_word' id='word_1_265' title='bbox 1250 2993 1409 3058; x_wconf 89' lang='lat' dir='ltr'><strong>aoristum</strong></span> <span class='ocrx_word' id='word_1_266' title='bbox 1433 2991 1588 3079; x_wconf 89' lang='lat' dir='ltr'><strong>praebet,</strong></span> <span class='ocrx_word' id='word_1_267' title='bbox 1619 2993 1662 3058; x_wconf 83' lang='lat' dir='ltr'><strong>cf.</strong></span> <span class='ocrx_word' id='word_1_268' title='bbox 1687 2990 1910 3075; x_wconf 78' lang='lat' dir='ltr'><strong>V11‚22,ubi</strong></span> 
     </span>
     <span class='ocr_line' id='line_1_23' title="bbox 220 3101 1914 3193; baseline 0.001 -19"><span class='ocrx_word' id='word_1_269' title='bbox 220 3109 303 3175; x_wconf 88' lang='lat' dir='ltr'><strong>haec</strong></span> <span class='ocrx_word' id='word_1_270' title='bbox 327 3120 476 3176; x_wconf 87' lang='lat' dir='ltr'><strong>exstant:</strong></span> <span class='ocrx_word' id='word_1_271' title='bbox 507 3111 563 3175; x_wconf 78' lang='grc' dir='ltr'><strong>ἐὰν</strong></span> <span class='ocrx_word' id='word_1_272' title='bbox 594 3113 638 3193; x_wconf 77' lang='grc' dir='ltr'><strong>μὴ</strong></span> <span class='ocrx_word' id='word_1_273' title='bbox 668 3101 752 3175; x_wconf 75' lang='lat' dir='ltr'><strong>odoro</strong></span> <span class='ocrx_word' id='word_1_274' title='bbox 774 3110 909 3192; x_wconf 80' lang='grc' dir='ltr'><strong><em>ἀνεψιοὶ</em></strong></span> <span class='ocrx_word' id='word_1_275' title='bbox 931 3106 1016 3191; x_wconf 78' lang='grc' dir='ltr'><strong><em>μηδὲ</em></strong></span> <span class='ocrx_word' id='word_1_276' title='bbox 1040 3108 1186 3192; x_wconf 76' lang='grc' dir='ltr'><strong><em>ἀνεψιῶν</em></strong></span> <span class='ocrx_word' id='word_1_277' title='bbox 1209 3113 1329 3186; x_wconf 84' lang='grc' dir='ltr'><strong><em>παῖδες</em></strong></span> <span class='ocrx_word' id='word_1_278' title='bbox 1348 3109 1433 3193; x_wconf 79' lang='grc' dir='ltr'><strong><em>μηδὲ</em></strong></span> <span class='ocrx_word' id='word_1_279' title='bbox 1455 3115 1517 3174; x_wconf 82' lang='grc' dir='ltr'><strong>τοῦ</strong></span> <span class='ocrx_word' id='word_1_280' title='bbox 1540 3115 1627 3193; x_wconf 86' lang='grc' dir='ltr'><strong><em>πρὸς</em></strong></span> <span class='ocrx_word' id='word_1_281' title='bbox 1649 3115 1778 3192; x_wconf 78' lang='grc' dir='ltr'><strong><em>πατρὸς</em></strong></span> <span class='ocrx_word' id='word_1_282' title='bbox 1801 3113 1914 3193; x_wconf 81' lang='grc' dir='ltr'><strong><em>γένους</em></strong></span> 
     </span>
     <span class='ocr_line' id='line_1_24' title="bbox 221 3220 1913 3314; baseline -0.001 -20"><span class='ocrx_word' id='word_1_283' title='bbox 221 3220 240 3311; x_wconf 72' lang='grc' dir='ltr'><strong><em>δ</em></strong></span> <span class='ocrx_word' id='word_1_284' title='bbox 263 3231 444 3312; x_wconf 76' lang='grc' dir='ltr'><strong><em>προσηκον</em></strong></span> <span class='ocrx_word' id='word_1_285' title='bbox 473 3231 603 3313; x_wconf 86' lang='grc' dir='ltr'><strong><em>μηδείς,</em></strong></span> <span class='ocrx_word' id='word_1_286' title='bbox 630 3234 707 3295; x_wconf 78' lang='grc' dir='ltr'><strong><em>τότε</em></strong></span> <span class='ocrx_word' id='word_1_287' title='bbox 736 3230 890 3294; x_wconf 78' lang='grc' dir='ltr'><strong><em>ἀπέδωκε</em></strong></span> <span class='ocrx_word' id='word_1_288' title='bbox 915 3234 990 3304; x_wconf 84' lang='grc' dir='ltr'><strong><em>τοῖς</em></strong></span> <span class='ocrx_word' id='word_1_289' title='bbox 1019 3231 1104 3311; x_wconf 91' lang='grc' dir='ltr'><strong><em>πρὸς</em></strong></span> <span class='ocrx_word' id='word_1_290' title='bbox 1133 3232 1277 3312; x_wconf 82' lang='grc' dir='ltr'><strong><em>μητρός,</em></strong></span> <span class='ocrx_word' id='word_1_291' title='bbox 1311 3228 1467 3314; x_wconf 85' lang='grc' dir='ltr'><strong><em>διορίσας</em></strong></span> <span class='ocrx_word' id='word_1_292' title='bbox 1490 3226 1548 3306; x_wconf 79' lang='grc' dir='ltr'><strong>οὓς</strong></span> <span class='ocrx_word' id='word_1_293' title='bbox 1578 3233 1633 3296; x_wconf 90' lang='grc' dir='ltr'><strong>δεῖ</strong></span> <span class='ocrx_word' id='word_1_294' title='bbox 1654 3237 1797 3313; x_wconf 85' lang='grc' dir='ltr'><strong><em>κρατεῖν.</em></strong></span> <span class='ocrx_word' id='word_1_295' title='bbox 1838 3230 1913 3294; x_wconf 87' lang='grc' dir='ltr'><strong>Ηοο</strong></span> 
     </span>
     <span class='ocr_line' id='line_1_25' title="bbox 222 3348 1913 3436; baseline -0.001 -23"><span class='ocrx_word' id='word_1_296' title='bbox 222 3349 295 3415; x_wconf 90' lang='lat' dir='ltr'><strong>loco</strong></span> <span class='ocrx_word' id='word_1_297' title='bbox 325 3350 467 3414; x_wconf 88' lang='lat' dir='ltr'><strong>aoristus</strong></span> <span class='ocrx_word' id='word_1_298' title='bbox 491 3372 556 3415; x_wconf 92' lang='lat' dir='ltr'><strong>non</strong></span> <span class='ocrx_word' id='word_1_299' title='bbox 580 3349 622 3413; x_wconf 88' lang='lat' dir='ltr'><strong>ad</strong></span> <span class='ocrx_word' id='word_1_300' title='bbox 647 3350 860 3436; x_wconf 87' lang='lat' dir='ltr'><strong>praeteritum</strong></span> <span class='ocrx_word' id='word_1_301' title='bbox 883 3357 1013 3435; x_wconf 89' lang='lat' dir='ltr'><strong>tempus</strong></span> <span class='ocrx_word' id='word_1_302' title='bbox 1036 3349 1188 3432; x_wconf 77' lang='lat' dir='ltr'><strong>refertur,</strong></span> <span class='ocrx_word' id='word_1_303' title='bbox 1213 3348 1273 3413; x_wconf 89' lang='lat' dir='ltr'><strong>sed</strong></span> <span class='ocrx_word' id='word_1_304' title='bbox 1295 3372 1355 3435; x_wconf 92' lang='lat' dir='ltr'><strong>pro</strong></span> <span class='ocrx_word' id='word_1_305' title='bbox 1379 3363 1556 3436; x_wconf 77' lang='lat' dir='ltr'><strong>praesente</strong></span> <span class='ocrx_word' id='word_1_306' title='bbox 1580 3358 1778 3435; x_wconf 86' lang='lat' dir='ltr'><strong>usurpatur,</strong></span> <span class='ocrx_word' id='word_1_307' title='bbox 1815 3370 1913 3434; x_wconf 90' lang='lat' dir='ltr'><strong>quem</strong></span> 
     </span>
     <span class='ocr_line' id='line_1_26' title="bbox 221 3467 1910 3555; baseline -0.001 -22"><span class='ocrx_word' id='word_1_308' title='bbox 221 3470 378 3535; x_wconf 86' lang='lat' dir='ltr'><strong>aoriatum</strong></span> <span class='ocrx_word' id='word_1_309' title='bbox 401 3469 608 3553; x_wconf 84' lang='lat' dir='ltr'><strong>grammatici</strong></span> <span class='ocrx_word' id='word_1_310' title='bbox 630 3470 819 3551; x_wconf 81' lang='lat' dir='ltr'><strong>gnomicum</strong></span> <span class='ocrx_word' id='word_1_311' title='bbox 843 3467 1022 3553; x_wconf 88' lang='lat' dir='ltr'><strong>appellant,</strong></span> <span class='ocrx_word' id='word_1_312' title='bbox 1047 3490 1112 3553; x_wconf 91' lang='lat' dir='ltr'><strong>quo</strong></span> <span class='ocrx_word' id='word_1_313' title='bbox 1136 3469 1209 3532; x_wconf 89' lang='lat' dir='ltr'><strong>fieri</strong></span> <span class='ocrx_word' id='word_1_314' title='bbox 1227 3467 1355 3555; x_wconf 88' lang='lat' dir='ltr'><strong>aliquid</strong></span> <span class='ocrx_word' id='word_1_315' title='bbox 1373 3469 1480 3536; x_wconf 87' lang='lat' dir='ltr'><strong>solere</strong></span> <span class='ocrx_word' id='word_1_316' title='bbox 1499 3468 1676 3533; x_wconf 89' lang='lat' dir='ltr'><strong>indicatur.</strong></span> <span class='ocrx_word' id='word_1_317' title='bbox 1714 3467 1806 3532; x_wconf 89' lang='lat' dir='ltr'><strong>Idem</strong></span> <span class='ocrx_word' id='word_1_318' title='bbox 1832 3488 1910 3531; x_wconf 88' lang='lat' dir='ltr'><strong>usus</strong></span> 
     </span>
     <span class='ocr_line' id='line_1_27' title="bbox 225 3588 645 3669; baseline 0 -17"><span class='ocrx_word' id='word_1_319' title='bbox 225 3589 322 3652; x_wconf 86' lang='lat' dir='ltr'><strong>etiam</strong></span> <span class='ocrx_word' id='word_1_320' title='bbox 346 3588 408 3669; x_wconf 89' lang='lat' dir='ltr'><strong>IX,</strong></span> <span class='ocrx_word' id='word_1_321' title='bbox 424 3588 466 3652; x_wconf 87' lang='lat'><strong>33</strong></span> <span class='ocrx_word' id='word_1_322' title='bbox 490 3589 645 3652; x_wconf 88' lang='lat' dir='ltr'><strong>occurrit.</strong></span> 
     </span>
    </p>

    <p class='ocr_par' dir='ltr' id='par_1_8' title="bbox 223 3704 1916 4747">
     <span class='ocr_line' id='line_1_28' title="bbox 378 3704 1912 3793; baseline -0.004 -21"><span class='ocrx_word' id='word_1_323' title='bbox 378 3705 445 3772; x_wconf 85' lang='lat' dir='ltr'><strong>Sed</strong></span> <span class='ocrx_word' id='word_1_324' title='bbox 474 3705 515 3769; x_wconf 93' lang='lat' dir='ltr'><strong>de</strong></span> <span class='ocrx_word' id='word_1_325' title='bbox 546 3705 687 3771; x_wconf 88' lang='lat' dir='ltr'><strong>diversis</strong></span> <span class='ocrx_word' id='word_1_326' title='bbox 715 3707 958 3772; x_wconf 88' lang='lat' dir='ltr'><strong>enuntiatorum</strong></span> <span class='ocrx_word' id='word_1_327' title='bbox 987 3705 1267 3772; x_wconf 88' lang='lat' dir='ltr'><strong>condicionalium</strong></span> <span class='ocrx_word' id='word_1_328' title='bbox 1298 3706 1478 3793; x_wconf 87' lang='lat' dir='ltr'><strong>generibus</strong></span> <span class='ocrx_word' id='word_1_329' title='bbox 1501 3708 1580 3771; x_wconf 87' lang='lat' dir='ltr'><strong>satis</strong></span> <span class='ocrx_word' id='word_1_330' title='bbox 1603 3705 1666 3772; x_wconf 91' lang='lat' dir='ltr'><strong>hoc</strong></span> <span class='ocrx_word' id='word_1_331' title='bbox 1689 3705 1763 3772; x_wconf 91' lang='lat' dir='ltr'><strong>loco</strong></span> <span class='ocrx_word' id='word_1_332' title='bbox 1788 3704 1912 3768; x_wconf 91' lang='lat' dir='ltr'><strong>dictum</strong></span> 
     </span>
     <span class='ocr_line' id='line_1_29' title="bbox 224 3823 1912 3913; baseline -0.004 -20"><span class='ocrx_word' id='word_1_333' title='bbox 224 3838 290 3910; x_wconf 74' lang='lat' dir='ltr'><strong>est,</strong></span> <span class='ocrx_word' id='word_1_334' title='bbox 319 3835 432 3909; x_wconf 89' lang='lat' dir='ltr'><strong>restat,</strong></span> <span class='ocrx_word' id='word_1_335' title='bbox 456 3836 493 3890; x_wconf 90' lang='lat' dir='ltr'><strong>ut</strong></span> <span class='ocrx_word' id='word_1_336' title='bbox 515 3829 686 3890; x_wconf 86' lang='lat' dir='ltr'><strong>enuntiata</strong></span> <span class='ocrx_word' id='word_1_337' title='bbox 707 3825 952 3891; x_wconf 88' lang='lat' dir='ltr'><strong>condicionalia</strong></span> <span class='ocrx_word' id='word_1_338' title='bbox 974 3827 1170 3890; x_wconf 85' lang='lat' dir='ltr'><strong>concessiva</strong></span> <span class='ocrx_word' id='word_1_339' title='bbox 1192 3849 1278 3913; x_wconf 90' lang='lat' dir='ltr'><strong>quae</strong></span> <span class='ocrx_word' id='word_1_340' title='bbox 1302 3827 1457 3892; x_wconf 88' lang='lat' dir='ltr'><strong>dicuntur</strong></span> <span class='ocrx_word' id='word_1_341' title='bbox 1479 3827 1597 3913; x_wconf 79' lang='lat' dir='ltr'><strong>paucis</strong></span> <span class='ocrx_word' id='word_1_342' title='bbox 1616 3825 1786 3909; x_wconf 85' lang='lat' dir='ltr'><strong>attingam.</strong></span> <span class='ocrx_word' id='word_1_343' title='bbox 1837 3823 1912 3888; x_wconf 84' lang='lat' dir='ltr'><strong>lam</strong></span> 
     </span>
     <span class='ocr_line' id='line_1_30' title="bbox 223 3942 1914 4036; baseline -0.005 -23"><span class='ocrx_word' id='word_1_344' title='bbox 223 3971 325 4036; x_wconf 89' lang='lat' dir='ltr'><strong>supra</strong></span> <span class='ocrx_word' id='word_1_345' title='bbox 343 3947 685 4029; x_wconf 77' lang='lat' dir='ltr'><strong>commemoravimus,</strong></span> <span class='ocrx_word' id='word_1_346' title='bbox 705 3947 883 4010; x_wconf 90' lang='lat' dir='ltr'><strong>enuntiatis</strong></span> <span class='ocrx_word' id='word_1_347' title='bbox 902 3944 1189 4012; x_wconf 88' lang='lat' dir='ltr'><strong>condicionalibus</strong></span> <span class='ocrx_word' id='word_1_348' title='bbox 1208 3948 1437 4012; x_wconf 84' lang='lat' dir='ltr'><strong>concessivam</strong></span> <span class='ocrx_word' id='word_1_349' title='bbox 1453 3947 1519 4009; x_wconf 86' lang='lat' dir='ltr'><strong>vim</strong></span> <span class='ocrx_word' id='word_1_350' title='bbox 1536 3943 1703 4009; x_wconf 87' lang='lat' dir='ltr'><strong>interdum</strong></span> <span class='ocrx_word' id='word_1_351' title='bbox 1721 3942 1914 4024; x_wconf 85' lang='lat' dir='ltr'><strong>inhaerere;</strong></span> 
     </span>
     <span class='ocr_line' id='line_1_31' title="bbox 223 4059 1912 4152; baseline -0.006 -21"><span class='ocrx_word' id='word_1_352' title='bbox 223 4068 286 4133; x_wconf 90' lang='lat' dir='ltr'><strong>hoc</strong></span> <span class='ocrx_word' id='word_1_353' title='bbox 309 4077 417 4131; x_wconf 90' lang='lat' dir='ltr'><strong>autem</strong></span> <span class='ocrx_word' id='word_1_354' title='bbox 440 4065 515 4132; x_wconf 93' lang='lat' dir='ltr'><strong>loco</strong></span> <span class='ocrx_word' id='word_1_355' title='bbox 539 4089 578 4130; x_wconf 89' lang='lat' dir='ltr'><strong>ca</strong></span> <span class='ocrx_word' id='word_1_356' title='bbox 600 4076 725 4131; x_wconf 87' lang='lat' dir='ltr'><strong>tantum</strong></span> <span class='ocrx_word' id='word_1_357' title='bbox 745 4066 915 4130; x_wconf 86' lang='lat' dir='ltr'><strong>enuntiata</strong></span> <span class='ocrx_word' id='word_1_358' title='bbox 933 4066 1129 4130; x_wconf 88' lang='lat' dir='ltr'><strong>concessiva</strong></span> <span class='ocrx_word' id='word_1_359' title='bbox 1147 4064 1339 4152; x_wconf 87' lang='lat' dir='ltr'><strong>amplector,</strong></span> <span class='ocrx_word' id='word_1_360' title='bbox 1365 4087 1450 4152; x_wconf 90' lang='lat' dir='ltr'><strong>quae</strong></span> <span class='ocrx_word' id='word_1_361' title='bbox 1471 4063 1641 4151; x_wconf 82' lang='lat' dir='ltr'><strong>particulis</strong></span> <span class='ocrx_word' id='word_1_362' title='bbox 1660 4062 1692 4126; x_wconf 78' lang='grc' dir='ltr'><strong><em>εί</em></strong></span> <span class='ocrx_word' id='word_1_363' title='bbox 1710 4071 1743 4126; x_wconf 90' lang='lat' dir='ltr'><strong>et</strong></span> <span class='ocrx_word' id='word_1_364' title='bbox 1761 4059 1818 4123; x_wconf 79' lang='grc' dir='ltr'><strong>ἐάν</strong></span> <span class='ocrx_word' id='word_1_365' title='bbox 1838 4081 1912 4123; x_wconf 88' lang='lat' dir='ltr'><strong>curn</strong></span> 
     </span>
     <span class='ocr_line' id='line_1_32' title="bbox 224 4179 1913 4270; baseline -0.005 -20"><span class='ocrx_word' id='word_1_366' title='bbox 224 4191 282 4250; x_wconf 87' lang='grc' dir='ltr'><strong>καί</strong></span> <span class='ocrx_word' id='word_1_367' title='bbox 301 4187 436 4252; x_wconf 85' lang='lat' dir='ltr'><strong>sociatis</strong></span> <span class='ocrx_word' id='word_1_368' title='bbox 458 4185 652 4250; x_wconf 85' lang='lat' dir='ltr'><strong>formantur.</strong></span> <span class='ocrx_word' id='word_1_369' title='bbox 694 4185 733 4250; x_wconf 93' lang='lat' dir='ltr'><strong>In</strong></span> <span class='ocrx_word' id='word_1_370' title='bbox 752 4183 915 4270; x_wconf 89' lang='lat' dir='ltr'><strong>ejusmodi</strong></span> <span class='ocrx_word' id='word_1_371' title='bbox 939 4185 1118 4249; x_wconf 88' lang='lat' dir='ltr'><strong>enuntiatis</strong></span> <span class='ocrx_word' id='word_1_372' title='bbox 1137 4184 1262 4249; x_wconf 87' lang='lat' dir='ltr'><strong>eisdem</strong></span> <span class='ocrx_word' id='word_1_373' title='bbox 1282 4183 1388 4251; x_wconf 89' lang='lat' dir='ltr'><strong>modis</strong></span> <span class='ocrx_word' id='word_1_374' title='bbox 1408 4194 1507 4270; x_wconf 86' lang='lat' dir='ltr'><strong>atque</strong></span> <span class='ocrx_word' id='word_1_375' title='bbox 1526 4184 1560 4246; x_wconf 94' lang='lat' dir='ltr'><strong>in</strong></span> <span class='ocrx_word' id='word_1_376' title='bbox 1580 4181 1759 4246; x_wconf 89' lang='lat' dir='ltr'><strong>enuntiatis</strong></span> <span class='ocrx_word' id='word_1_377' title='bbox 1778 4179 1913 4264; x_wconf 89' lang='lat' dir='ltr'><strong>proprie</strong></span> 
     </span>
     <span class='ocr_line' id='line_1_33' title="bbox 226 4299 1914 4388; baseline -0.005 -18"><span class='ocrx_word' id='word_1_378' title='bbox 226 4303 515 4372; x_wconf 86' lang='lat' dir='ltr'><strong>condicionalibus</strong></span> <span class='ocrx_word' id='word_1_379' title='bbox 540 4304 662 4369; x_wconf 86' lang='lat' dir='ltr'><strong>Graeci</strong></span> <span class='ocrx_word' id='word_1_380' title='bbox 685 4313 832 4368; x_wconf 89' lang='lat' dir='ltr'><strong>utuntur.</strong></span> <span class='ocrx_word' id='word_1_381' title='bbox 877 4302 1006 4368; x_wconf 85' lang='lat' dir='ltr'><strong>Vocula</strong></span> <span class='ocrx_word' id='word_1_382' title='bbox 1028 4312 1136 4367; x_wconf 86' lang='lat' dir='ltr'><strong>antem</strong></span> <span class='ocrx_word' id='word_1_383' title='bbox 1160 4307 1218 4366; x_wconf 90' lang='grc' dir='ltr'><strong>κοί</strong></span> <span class='ocrx_word' id='word_1_384' title='bbox 1238 4313 1271 4367; x_wconf 90' lang='lat' dir='ltr'><strong>et</strong></span> <span class='ocrx_word' id='word_1_385' title='bbox 1293 4312 1369 4388; x_wconf 88' lang='lat' dir='ltr'><strong>post</strong></span> <span class='ocrx_word' id='word_1_386' title='bbox 1391 4301 1422 4366; x_wconf 82' lang='grc' dir='ltr'><strong><em>εἰ</em></strong></span> <span class='ocrx_word' id='word_1_387' title='bbox 1440 4301 1492 4365; x_wconf 89' lang='lat' dir='ltr'><strong>vel</strong></span> <span class='ocrx_word' id='word_1_388' title='bbox 1510 4302 1571 4365; x_wconf 83' lang='grc' dir='ltr'><strong>ἐάν</strong></span> <span class='ocrx_word' id='word_1_389' title='bbox 1589 4299 1769 4388; x_wconf 88' lang='lat' dir='ltr'><strong>particulas</strong></span> <span class='ocrx_word' id='word_1_390' title='bbox 1788 4306 1822 4361; x_wconf 89' lang='lat' dir='ltr'><strong>et</strong></span> <span class='ocrx_word' id='word_1_391' title='bbox 1839 4307 1914 4362; x_wconf 89' lang='lat' dir='ltr'><strong>ante</strong></span> 
     </span>
     <span class='ocr_line' id='line_1_34' title="bbox 225 4416 1914 4511; baseline -0.004 -25"><span class='ocrx_word' id='word_1_392' title='bbox 225 4423 284 4490; x_wconf 88' lang='lat' dir='ltr'><strong>has</strong></span> <span class='ocrx_word' id='word_1_393' title='bbox 313 4423 493 4511; x_wconf 85' lang='lat' dir='ltr'><strong>particulas</strong></span> <span class='ocrx_word' id='word_1_394' title='bbox 524 4423 633 4489; x_wconf 90' lang='lat' dir='ltr'><strong>locum</strong></span> <span class='ocrx_word' id='word_1_395' title='bbox 664 4432 777 4486; x_wconf 87' lang='lat' dir='ltr'><strong>tenere</strong></span> <span class='ocrx_word' id='word_1_396' title='bbox 814 4430 934 4509; x_wconf 90' lang='lat' dir='ltr'><strong>potest.</strong></span> <span class='ocrx_word' id='word_1_397' title='bbox 991 4418 1059 4486; x_wconf 89' lang='lat' dir='ltr'><strong>Sed</strong></span> <span class='ocrx_word' id='word_1_398' title='bbox 1088 4421 1227 4485; x_wconf 88' lang='lat' dir='ltr'><strong>interest</strong></span> <span class='ocrx_word' id='word_1_399' title='bbox 1256 4419 1382 4506; x_wconf 88' lang='lat' dir='ltr'><strong>aliquid</strong></span> <span class='ocrx_word' id='word_1_400' title='bbox 1410 4421 1497 4484; x_wconf 89' lang='lat' dir='ltr'><strong>inter</strong></span> <span class='ocrx_word' id='word_1_401' title='bbox 1526 4429 1699 4504; x_wconf 87' lang='lat' dir='ltr'><strong>utramque</strong></span> <span class='ocrx_word' id='word_1_402' title='bbox 1728 4416 1914 4483; x_wconf 76' lang='lat' dir='ltr'><strong>formulam.</strong></span> 
     </span>
     <span class='ocr_line' id='line_1_35' title="bbox 226 4537 1915 4626; baseline -0.005 -18"><span class='ocrx_word' id='word_1_403' title='bbox 226 4544 316 4626; x_wconf 78' lang='lat' dir='ltr'><strong>Quid</strong></span> <span class='ocrx_word' id='word_1_404' title='bbox 338 4543 369 4609; x_wconf 84' lang='grc' dir='ltr'><strong><em>εἰ</em></strong></span> <span class='ocrx_word' id='word_1_405' title='bbox 391 4547 449 4607; x_wconf 85' lang='grc' dir='ltr'><strong>καί</strong></span> <span class='ocrx_word' id='word_1_406' title='bbox 470 4543 540 4612; x_wconf 72' lang='grc' dir='ltr'><strong>(ἐὰν</strong></span> <span class='ocrx_word' id='word_1_407' title='bbox 563 4544 631 4620; x_wconf 87' lang='grc' dir='ltr'><strong><em>καί)</em></strong></span> <span class='ocrx_word' id='word_1_408' title='bbox 656 4551 689 4607; x_wconf 91' lang='lat' dir='ltr'><strong>et</strong></span> <span class='ocrx_word' id='word_1_409' title='bbox 710 4545 767 4606; x_wconf 82' lang='grc' dir='ltr'><strong>καὶ</strong></span> <span class='ocrx_word' id='word_1_410' title='bbox 788 4540 819 4606; x_wconf 81' lang='grc' dir='ltr'><strong><em>εἰ</em></strong></span> <span class='ocrx_word' id='word_1_411' title='bbox 841 4544 910 4621; x_wconf 83' lang='grc' dir='ltr'><strong><em>(καὶ</em></strong></span> <span class='ocrx_word' id='word_1_412' title='bbox 933 4540 1003 4619; x_wconf 78' lang='grc' dir='ltr'><strong><em>δάν)</em></strong></span> <span class='ocrx_word' id='word_1_413' title='bbox 1027 4540 1228 4625; x_wconf 88' lang='lat' dir='ltr'><strong>significent,</strong></span> <span class='ocrx_word' id='word_1_414' title='bbox 1252 4549 1329 4626; x_wconf 87' lang='lat' dir='ltr'><strong>post</strong></span> <span class='ocrx_word' id='word_1_415' title='bbox 1351 4537 1393 4604; x_wconf 82' lang='lat' dir='ltr'><strong>G.</strong></span> <span class='ocrx_word' id='word_1_416' title='bbox 1413 4538 1689 4619; x_wconf 83' lang='lat' dir='ltr'><strong>Hermannum*),</strong></span> <span class='ocrx_word' id='word_1_417' title='bbox 1715 4538 1772 4622; x_wconf 93' lang='lat' dir='ltr'><strong>qui</strong></span> <span class='ocrx_word' id='word_1_418' title='bbox 1788 4537 1915 4623; x_wconf 85' lang='lat' dir='ltr'><strong>primus</strong></span> 
     </span>
     <span class='ocr_line' id='line_1_36' title="bbox 226 4653 1916 4747; baseline -0.007 -19"><span class='ocrx_word' id='word_1_419' title='bbox 226 4662 403 4728; x_wconf 89' lang='lat' dir='ltr'><strong>discrimen</strong></span> <span class='ocrx_word' id='word_1_420' title='bbox 422 4664 509 4726; x_wconf 89' lang='lat' dir='ltr'><strong>inter</strong></span> <span class='ocrx_word' id='word_1_421' title='bbox 526 4671 699 4747; x_wconf 88' lang='lat' dir='ltr'><strong>utramque</strong></span> <span class='ocrx_word' id='word_1_422' title='bbox 714 4662 960 4726; x_wconf 88' lang='lat' dir='ltr'><strong>enuntiatorum</strong></span> <span class='ocrx_word' id='word_1_423' title='bbox 980 4660 1249 4724; x_wconf 86' lang='lat' dir='ltr'><strong>concessivorum</strong></span> <span class='ocrx_word' id='word_1_424' title='bbox 1268 4679 1340 4723; x_wconf 90' lang='lat' dir='ltr'><strong>esse</strong></span> <span class='ocrx_word' id='word_1_425' title='bbox 1359 4658 1483 4740; x_wconf 87' lang='lat' dir='ltr'><strong>statuit,</strong></span> <span class='ocrx_word' id='word_1_426' title='bbox 1508 4658 1699 4721; x_wconf 86' lang='lat' dir='ltr'><strong>examinare</strong></span> <span class='ocrx_word' id='word_1_427' title='bbox 1718 4653 1916 4720; x_wconf 88' lang='lat' dir='ltr'><strong>studuerunt</strong></span> 
     </span>
    </p>
   </div>
   <div class='ocr_carea' id='block_1_7' title="bbox 227 4819 480 4828">
    <p class='ocr_par' dir='ltr' id='par_1_9' title="bbox 227 4819 480 4828">
     <span class='ocr_line' id='line_1_37' title="bbox 227 4819 480 4828; baseline -0.012 -1"><span class='ocrx_word' id='word_1_428' title='bbox 227 4821 264 4828; x_wconf 59' lang='grc' dir='ltr'><strong>ρ·-</strong></span> <span class='ocrx_word' id='word_1_429' title='bbox 273 4820 284 4826; x_wconf 77' lang='lat'><strong>·</strong></span> <span class='ocrx_word' id='word_1_430' title='bbox 289 4819 480 4826; x_wconf 77' lang='lat'>-.-..—-——-·-.</span> 
     </span>
    </p>
   </div>
   <div class='ocr_carea' id='block_1_8' title="bbox 377 4915 951 4984">
    <p class='ocr_par' dir='ltr' id='par_1_10' title="bbox 377 4915 951 4984">
     <span class='ocr_line' id='line_1_38' title="bbox 377 4915 951 4984; baseline -0.007 -14"><span class='ocrx_word' id='word_1_431' title='bbox 377 4919 403 4983; x_wconf 80' lang='grc'><strong>*)</strong></span> <span class='ocrx_word' id='word_1_432' title='bbox 422 4921 456 4970; x_wconf 86' lang='lat' dir='ltr'><strong>ad</strong></span> <span class='ocrx_word' id='word_1_433' title='bbox 475 4921 598 4984; x_wconf 75' lang='lat' dir='ltr'><strong>Vignum</strong></span> <span class='ocrx_word' id='word_1_434' title='bbox 617 4934 675 4983; x_wconf 75' lang='lat' dir='ltr'><strong>pag.</strong></span> <span class='ocrx_word' id='word_1_435' title='bbox 695 4916 745 4966; x_wconf 75' lang='lat'><strong>829</strong></span> <span class='ocrx_word' id='word_1_436' title='bbox 763 4916 815 4981; x_wconf 88' lang='lat' dir='ltr'><strong>(ed.</strong></span> <span class='ocrx_word' id='word_1_437' title='bbox 834 4915 892 4982; x_wconf 89' lang='lat' dir='ltr'><strong>lv.)</strong></span> <span class='ocrx_word' id='word_1_438' title='bbox 926 4932 951 4982; x_wconf 92' lang='lat' dir='ltr'><strong>q.</strong></span> 
     </span>
    </p>
   </div>
   <div class='ocr_carea' id='block_1_9' title="bbox 0 0 2152 5572">
    <p class='ocr_par' dir='ltr' id='par_1_11' title="bbox 0 0 2152 5572">
     <span class='ocr_line' id='line_1_39' title="bbox 0 0 2152 5572; baseline 0 0"><span class='ocrx_word' id='word_1_439' title='bbox 0 0 2152 5572; x_wconf 95' lang='lat' dir='ltr'><strong> </strong></span> 
     </span>
    </p>
   </div>
  </div>
 </body>
</html>
