4284 5572
1848 405 1919 505 ἰε

225 632 279 697 ille
304 655 346 697 cx
368 633 427 714 Vl,
442 634 496 715 56,
521 631 577 697 ubi
601 631 685 697 haec
708 635 834 719 scripta
855 632 1025 699 videmus:
1050 635 1080 699 εί
1102 637 1177 718 γάρ,
1201 635 1246 710 ὡς
1270 622 1364 699 οὗτοι
1386 636 1533 715 λέγουσι,
1552 637 1601 718 τῷ
1618 638 1679 718 μὲν
1699 635 1922 717 Φιλοκτίγμουι

224 752 269 834 μὴ
296 750 374 831 ἐξῆν
404 749 616 834 διαθέσθαι,
645 753 707 816 τοῦ
734 752 981 835 δἘύκτημονός
1011 753 1098 817 ἐστιν
1131 754 1305 837 ὁκίῆρος,
1330 758 1474 836 πότερον
1497 755 1708 839 δικαιότερον
1732 757 1793 834 (se.
1816 754 1921 832 ἐστιν)

224 870 435 954 Εὐκτήμονος
458 873 677 955 κληρονομεῖν
700 873 760 947 τὰς
784 871 907 936 ἐκείνου
931 874 1134 956 θυγατέρας,
1163 872 1441 955 ὁμολογουμένως
1465 869 1568 948 οὔσας
1592 875 1730 954 γνησίας
1757 877 1812 937 καὶ
1835 871 1923 955 ἡμᾶς

221 993 299 1067 τοὺς
329 992 365 1054 ἐκ
394 993 520 1054 τούτων
550 996 730 1073 γεγονότας
760 989 780 1072 ἢ
802 996 881 1068 τοὺς
905 991 1001 1056 οὐδὲν
1024 992 1278 1075 προσηκοντας;
1303 991 1452 1078 Utraque
1476 993 1601 1078 protasi
1625 993 1730 1075 magis
1754 991 1921 1056 causalem

224 1131 322 1194 quam
353 1109 619 1177 condicionalem
647 1113 714 1175 vim
745 1113 907 1177 contineri
937 1113 1152 1200 perspicuum
1176 1122 1240 1195 est;
1274 1111 1385 1176 dicere
1410 1112 1497 1175 enirn
1522 1121 1632 1177 erutor
1653 1109 1740 1174 vult:
1765 1133 1841 1175 cum
1865 1107 1921 1174 ad·

223 1230 362 1293 versarii
391 1240 525 1314 negent,
556 1229 796 1296 Philoctemoni
826 1230 960 1296 licuisse
988 1241 1217 1297 testamentum
1242 1231 1365 1315 faeere,
1390 1230 1449 1296 sed
1473 1231 1586 1294 dicant
1607 1229 1824 1294 hereditatem
1849 1252 1921 1294 esse

223 1347 452 1431 Euctemonis,
477 1359 584 1414 utrum
609 1359 660 1415 est
682 1351 821 1436 aequius
846 1361 909 1414 etc.
938 1401 945 1415 .
971 1401 979 1416 .
1006 1352 1038 1416 ,ί

375 1467 426 1533 Ab
456 1468 519 1534 hoc
550 1468 703 1556 exemplo
728 1479 764 1534 ut
784 1471 849 1555 jam
874 1471 916 1535 ad
939 1470 1027 1536 illam
1051 1473 1189 1537 formam
1212 1482 1389 1555 transeam,
1415 1471 1509 1556 eujus
1533 1472 1565 1534 in
1589 1469 1729 1556 apodosi
1755 1472 1921 1557 optativus

222 1609 296 1651 cum
329 1583 372 1651 ἄν
401 1588 564 1674 particula
592 1590 737 1655 sociatus
768 1591 870 1674 inest,
901 1593 1000 1678 pauci
1030 1591 1216 1678 hujusmodi
1248 1591 1312 1657 leci
1336 1592 1561 1673 inveniuntur,
1594 1613 1734 1676 quorum
1755 1592 1921 1678 scriptura

222 1705 395 1772 codicibus
418 1708 539 1773 tradita
562 1711 683 1775 vitiosa
706 1719 769 1775 est.
815 1709 909 1776 Unus
932 1711 1025 1777 locus
1050 1711 1126 1794 Vll,
1142 1712 1184 1776 36
1203 1713 1401 1790 continetur,
1426 1708 1483 1775 ubi
1503 1712 1531 1775 si
1547 1710 1700 1775 codicum
1722 1712 1920 1796 scripturam

222 1849 446 1912 servaremus,
489 1830 523 1892 in
561 1828 700 1916 apodosi
740 1852 831 1895 mere
863 1833 1010 1917 optativo
1042 1855 1101 1917 pre
1132 1830 1305 1918 potentiali
1336 1830 1498 1896 collocate
1532 1841 1695 1896 oratorem
1729 1853 1823 1894 usum
1847 1852 1920 1896 esse

221 1956 424 2033 putaremus.
471 1947 555 2012 Ourn
585 1960 695 2013 autem
726 1947 789 2015 hec
818 1949 1016 2015 verisimile
1040 1974 1106 2016 nen
1131 1973 1203 2015 esse
1227 1974 1328 2037 supra
1350 1949 1577 2016 demonstrare
1601 1948 1837 2032 studuerimus,
1866 1972 1920 2015 res

221 2067 296 2152 ipsa
318 2065 419 2132 verbe
443 2065 484 2130 ἄν
507 2068 654 2153 adjicere
678 2069 778 2152 cogit.
824 2067 918 2133 Alter
940 2069 1033 2135 locus
1059 2070 1134 2149 1,21
1161 2073 1194 2134 in
1224 2069 1341 2136 codice
1366 2070 1397 2151 Q
1426 2071 1472 2135 ita
1494 2071 1637 2157 scriptus
1656 2079 1721 2134 estt
1750 2068 1780 2133 εί
1799 2065 1919 2133 ύόύτω

223 2189 410 2279 παραφριῖν
433 2189 547 2265 ἔτυχεν
570 2183 659 2251 ὥσθ’
683 2185 768 2269 ἡμᾶς
793 2192 871 2273 περὶ
894 2187 1071 2267 ἐλαχίστου
1088 2192 1270 2255 ποιεῖσθαι
1292 2194 1369 2267 τοὺς
1393 2192 1479 2272 γένει
1501 2191 1737 2272 πρωτεύοντας
1759 2196 1815 2253 καὶ
1832 2208 1919 2271 χριο-

221 2306 340 2388 μένους
370 2306 458 2390 αύτῷ
480 2310 614 2372 πάντων
643 2304 853 2390 οἰκειότατα,
883 2306 1023 2386 δικαίως
1053 2307 1095 2372 ἄν
1118 2311 1226 2392 atnoe
1250 2312 1311 2386 τὰς
1332 2313 1490 2386 τοιαύτας
1513 2309 1672 2391 ύιαδηκας
1695 2307 1818 2390 ἀκύρου
1843 2328 1919 2373 ποι-

220 2425 343 2505 desae.
389 2426 429 2490 ln
459 2425 580 2490 ceteris
610 2424 784 2490 codicibus
807 2450 866 2513 pre
894 2429 1004 2495 futuro
1028 2431 1189 2512 ποιησητε
1221 2430 1326 2494 forma
1349 2440 1468 2494 exstat.
1514 2428 1696 2513 Utramque
1720 2429 1918 2513 scripturam

223 2541 368 2608 editores
391 2545 657 2633 interpretesque
680 2545 815 2632 plurimi
838 2547 872 2610 in
895 2549 1075 2630 ποιήσαιτε
1099 2549 1282 2635 optativum
1307 2549 1605 2635 transscripserunt
1620 2546 1681 2611 rati
1701 2545 1918 2611 indicativum

221 2661 323 2726 futuri
354 2685 429 2727 eum
459 2661 500 2728 ἄν
529 2663 693 2751 particula
721 2667 880 2752 conjungi
911 2690 977 2733 nen
1008 2691 1123 2754 pesse,
1155 2691 1230 2732 cunr
1252 2668 1462 2742 Roederus*)
1493 2689 1533 2731 ea
1562 2665 1797 2753 disputationis
1824 2675 1918 2754 parte

220 2804 307 2868 quae
330 2781 540 2848 inscribitur:
566 2783 699 2865 ,Ueber
722 2784 776 2849 die
799 2785 891 2853 Medi
916 2785 974 2852 des
997 2789 1118 2853 Futura
1141 2790 1201 2853 mit
1223 2786 1284 2852 dv“
1311 2786 1438 2854 codicis
1462 2785 1711 2872 stcripturam
1736 2783 1918 2850 defendere

221 2903 416 2988 susciperet.
462 2903 515 2968 De
539 2927 579 2968 ea
600 2914 709 2969 autem
730 2907 924 2991 quaestione
944 2930 1009 2972 nen
1029 2909 1136 2972 minus
1154 2906 1291 2971 difficile
1311 2916 1361 2971 est
1380 2904 1574 2992 dijudicate,
1597 2927 1695 2991 quam
1712 2904 1753 2970 de
1770 2905 1918 2991 optative

220 3020 310 3087 nudo
340 3044 401 3109 pre
422 3022 596 3108 potentiali
620 3035 795 3111 usurpato,
827 3049 902 3090 eum
925 3025 981 3090 alii
1005 3026 1040 3090 in
1063 3024 1275 3090 defendenda
1297 3027 1422 3091 rariore
1446 3024 1692 3090 construetione
1715 3025 1915 3110 scripturam

222 3139 396 3208 codicibus
425 3140 578 3206 traditam
607 3143 863 3229 praeferendam
894 3168 967 3211 esse
997 3144 1109 3210 dicere
1138 3147 1285 3232 possint,
1315 3144 1371 3210 alii
1402 3145 1581 3230 scriptores
1611 3145 1730 3211 atticos
1753 3153 1861 3210 certas
1883 3144 1918 3208 in

221 3260 406 3327 excolende
438 3262 572 3346 generis
596 3260 730 3327 dicendi
760 3286 822 3329 usu
850 3264 942 3350 leges
966 3275 1098 3331 secutos
1121 3287 1193 3330 esse
1211 3264 1405 3352 judicantes
1427 3261 1469 3328 ab
1493 3263 1604 3329 futuro
1629 3285 1703 3328 eum
1727 3259 1768 3327 ἄν
1791 3262 1917 3329 sociate

221 3379 416 3446 abhoruisse
440 3388 602 3447 oratorem
625 3381 821 3470 praedicent
843 3383 1004 3471 aliterque
1028 3394 1127 3472 atque
1151 3407 1263 3450 errore
1286 3383 1496 3449 librariorum
1520 3381 1620 3448 talem
1644 3383 1792 3448 usumin
1814 3379 1917 3448 libros

222 3500 426 3566 Graecorum
455 3502 630 3587 irrepsisse
659 3513 793 3588 negent.
837 3504 955 3590 Itaque
986 3527 1120 3591 operam
1153 3504 1381 3591 perderemus,
1411 3506 1440 3569 ai
1470 3502 1521 3568 his
1545 3502 1586 3567 de
1611 3500 1764 3568 omnibus
1786 3501 1869 3567 loeis
1897 3523 1918 3566 a

220 3619 374 3686 Reedero
395 3620 503 3686 allatis
528 3619 782 3707 disputaremus,
806 3621 865 3688 sed
888 3623 977 3710 quod
1001 3647 1103 3711 supra
1125 3622 1166 3688 de
1190 3646 1281 3690 mere
1305 3625 1453 3711 optative
1476 3645 1536 3710 pre
1561 3621 1735 3710 potentiali
1757 3631 1916 3708 usurpate

222 3738 311 3822 dixi,
341 3739 440 3804 etiam
470 3740 513 3804 ad
540 3739 627 3806 hunc
660 3741 794 3806 dicendi
826 3766 921 3808 usum
950 3742 1175 3808 adhibendum
1206 3765 1279 3809 esse
1306 3741 1418 3807 veiim.
1471 3742 1681 3828 Quamquam
1711 3741 1804 3806 multi
1827 3740 1917 3829 apud

221 3861 400 3947 scriptores
430 3882 569 3945 graecos
598 3860 663 3926 leci
693 3863 927 3946 inveniuntur,
960 3861 1081 3950 quibus
1110 3863 1211 3928 futuri
1243 3885 1318 3927 cum
1341 3858 1382 3926 ἄν
1406 3862 1576 3948 conjuncti
1599 3885 1678 3927 usus
1702 3858 1914 3947 comprobari

219 3978 353 4045 videtur
391 3979 448 4057 (cf.
486 3979 657 4066 exempla,
709 4004 794 4068 quae
844 3981 933 4068 apud
973 3982 1161 4048 Reederum
1178 3988 1223 4061 **)
1263 3980 1551 4056 Κυοίιυευυυι***)
1602 3979 1866 4046 Baaumleinium
1883 3983 1916 4062 'st

219 4098 451 4182 Akeniumffl
479 4109 640 4184 exstant),
673 4109 784 4167 tamen
814 4123 928 4168 eorum
957 4102 1105 4169 locorum
1131 4124 1288 4167 numerus
1316 4100 1414 4166 valde
1444 4102 1620 4184 minuitur,
1651 4102 1679 4166 si
1708 4122 1766 4166 eea
1788 4109 1917 4166 tantum

220 4219 312 4286 loces
340 4221 554 4306 respicimus,
587 4219 629 4284 de
660 4220 781 4307 quibus
813 4245 926 4288 omnes
955 4220 1090 4288 codices
1119 4222 1341 4287 consentiunt.
1392 4221 1476 4286 Loci
1499 4230 1619 4303 autem,
1652 4243 1791 4307 quorum
1811 4221 1915 4307 serip-

220 4348 326 4405 turam
359 4338 494 4405 codices
523 4340 689 4407 diversam
712 4339 863 4426 tradunt,
887 4365 949 4429 per
971 4365 1006 4409 se
1030 4342 1231 4430 suspicionis
1254 4340 1380 4428 aliquid
1404 4345 1583 4406 concitant.
1634 4339 1794 4424 Accedit,
1826 4337 1916 4426 qued

442 4503 474 4510 -ι

373 4607 398 4672 *)
416 4607 433 4659 l.
448 4625 470 4658 c.
489 4626 548 4676 pag.
566 4609 601 4659 49
620 4627 677 4676 sqq.

373 4692 413 4757 **)
432 4695 448 4744 1·
467 4711 490 4745 0·
508 4711 568 4761 ras·
586 4695 620 4745 48
639 4713 696 4762 sae·

374 4777 429 4843 ***)
448 4797 486 4846 gr.
504 4783 539 4841 ΙΙ,
558 4780 648 4842 5396,
666 4781 682 4830 6
700 4782 777 4831 Anm.
796 4780 820 4830 2.

373 4862 401 4928 η)
418 4865 436 4914 l.
455 4882 477 4915 c.
496 4883 556 4932 pag.
574 4865 626 4916 295
644 4883 701 4931 sqq.

374 4948 420 5014 ††)
439 4952 489 5002 Dia
508 4952 668 5018 Grundziige
688 4952 734 5001 der
751 4951 838 5002 Lelrre
856 4968 916 5002 vern
935 4953 1052 5017 Tempus
1070 4953 1125 5002 und
1139 4952 1235 5002 Medus
1254 4953 1289 5001 im
1307 4951 1507 5002 Griechisclren.
1544 4949 1663 5003 Rosteclr
1683 4949 1758 5010 1861,
1776 4947 1845 5012 558.
