<?xml version="1.0" encoding="UTF-8"?>
<!DOCTYPE html PUBLIC "-//W3C//DTD XHTML 1.0 Transitional//EN"
    "http://www.w3.org/TR/xhtml1/DTD/xhtml1-transitional.dtd">
<html xmlns="http://www.w3.org/1999/xhtml" xml:lang="en" lang="en">
 <head>
  <title>
</title>
<meta http-equiv="Content-Type" content="text/html;charset=utf-8" />
  <meta name='ocr-system' content='tesseract 3.04.00' />
  <meta name='ocr-capabilities' content='ocr_page ocr_carea ocr_par ocr_line ocrx_word'/>
</head>
<body>
  <div class='ocr_page' id='page_1' title='image "./deenuntiatoruma00knopgoog_0009.png"; bbox 0 0 4284 5572; ppageno 0'>
   <div class='ocr_carea' id='block_1_1' title="bbox 266 619 1963 2260">
    <p class='ocr_par' dir='ltr' id='par_1_1' title="bbox 270 619 1963 807">
     <span class='ocr_line' id='line_1_1' title="bbox 425 619 1963 711; baseline 0.002 -25"><span class='ocrx_word' id='word_1_1' title='bbox 425 619 536 709; x_wconf 81' lang='lat' dir='ltr'><strong>Caput</strong></span> <span class='ocrx_word' id='word_1_2' title='bbox 557 620 585 686; x_wconf 93' lang='grc' dir='ltr'><strong>Ι.</strong></span> <span class='ocrx_word' id='word_1_3' title='bbox 630 621 813 687; x_wconf 85' lang='lat' dir='ltr'><strong>Enuntiata</strong></span> <span class='ocrx_word' id='word_1_4' title='bbox 836 621 1091 708; x_wconf 79' lang='lat' dir='ltr'><strong>condicionalis,</strong></span> <span class='ocrx_word' id='word_1_5' title='bbox 1116 646 1201 711; x_wconf 86' lang='lat' dir='ltr'><strong>quae</strong></span> <span class='ocrx_word' id='word_1_6' title='bbox 1231 624 1261 690; x_wconf 87' lang='grc' dir='ltr'><strong>εί</strong></span> <span class='ocrx_word' id='word_1_7' title='bbox 1289 621 1453 710; x_wconf 87' lang='lat' dir='ltr'><strong>particula</strong></span> <span class='ocrx_word' id='word_1_8' title='bbox 1481 646 1555 688; x_wconf 91' lang='lat' dir='ltr'><strong>cum</strong></span> <span class='ocrx_word' id='word_1_9' title='bbox 1583 621 1765 689; x_wconf 86' lang='lat' dir='ltr'><strong>indicativo</strong></span> <span class='ocrx_word' id='word_1_10' title='bbox 1785 624 1963 710; x_wconf 87' lang='lat' dir='ltr'><strong>conjuncta</strong></span> 
     </span>
     <span class='ocr_line' id='line_1_2' title="bbox 270 740 464 807; baseline 0.01 -3"><span class='ocrx_word' id='word_1_11' title='bbox 270 740 464 807; x_wconf 81' lang='lat' dir='ltr'>formantur.</span> 
     </span>
    </p>

    <p class='ocr_par' dir='ltr' id='par_1_2' title="bbox 266 860 1962 2260">
     <span class='ocr_line' id='line_1_3' title="bbox 424 860 1961 950; baseline 0.002 -26"><span class='ocrx_word' id='word_1_12' title='bbox 424 861 464 924; x_wconf 93' lang='lat' dir='ltr'><strong>In</strong></span> <span class='ocrx_word' id='word_1_13' title='bbox 491 862 670 926; x_wconf 76' lang='lat' dir='ltr'><strong>enuntiatis</strong></span> <span class='ocrx_word' id='word_1_14' title='bbox 700 860 990 928; x_wconf 88' lang='lat' dir='ltr'><strong>condicionalibus</strong></span> <span class='ocrx_word' id='word_1_15' title='bbox 1014 862 1219 930; x_wconf 88' lang='lat' dir='ltr'><strong>Graecorum</strong></span> <span class='ocrx_word' id='word_1_16' title='bbox 1248 866 1428 950; x_wconf 68' lang='lat' dir='ltr'>scriptores</span> <span class='ocrx_word' id='word_1_17' title='bbox 1458 863 1640 928; x_wconf 91' lang='lat' dir='ltr'><strong>indicativo</strong></span> <span class='ocrx_word' id='word_1_18' title='bbox 1668 873 1815 943; x_wconf 90' lang='lat' dir='ltr'><strong>utuntur,</strong></span> <span class='ocrx_word' id='word_1_19' title='bbox 1846 861 1903 927; x_wconf 94' lang='lat' dir='ltr'><strong>ubi</strong></span> <span class='ocrx_word' id='word_1_20' title='bbox 1933 866 1961 928; x_wconf 92' lang='lat' dir='ltr'><strong>si</strong></span> 
     </span>
     <span class='ocr_line' id='line_1_4' title="bbox 271 980 1962 1069; baseline 0.001 -25"><span class='ocrx_word' id='word_1_21' title='bbox 271 980 427 1046; x_wconf 91' lang='lat' dir='ltr'><strong>condicio</strong></span> <span class='ocrx_word' id='word_1_22' title='bbox 451 982 494 1046; x_wconf 90' lang='lat' dir='ltr'><strong>sit</strong></span> <span class='ocrx_word' id='word_1_23' title='bbox 520 1003 602 1045; x_wconf 89' lang='lat' dir='ltr'><strong>vera</strong></span> <span class='ocrx_word' id='word_1_24' title='bbox 624 982 723 1045; x_wconf 91' lang='lat' dir='ltr'><strong>etiam</strong></span> <span class='ocrx_word' id='word_1_25' title='bbox 755 982 1024 1048; x_wconf 79' lang='lat' dir='ltr'><strong>consecutionem</strong></span> <span class='ocrx_word' id='word_1_26' title='bbox 1057 1006 1129 1048; x_wconf 90' lang='lat' dir='ltr'><strong>esse</strong></span> <span class='ocrx_word' id='word_1_27' title='bbox 1152 1006 1264 1048; x_wconf 87' lang='lat' dir='ltr'><strong>veram</strong></span> <span class='ocrx_word' id='word_1_28' title='bbox 1295 983 1438 1069; x_wconf 82' lang='lat' dir='ltr'><strong>exprimi</strong></span> <span class='ocrx_word' id='word_1_29' title='bbox 1470 981 1595 1048; x_wconf 90' lang='lat' dir='ltr'><strong>volunt.</strong></span> <span class='ocrx_word' id='word_1_30' title='bbox 1648 983 1765 1047; x_wconf 91' lang='lat' dir='ltr'><strong>Utrum</strong></span> <span class='ocrx_word' id='word_1_31' title='bbox 1797 985 1962 1047; x_wconf 86' lang='lat' dir='ltr'><strong>sententia</strong></span> 
     </span>
     <span class='ocr_line' id='line_1_5' title="bbox 268 1100 1959 1189; baseline 0.001 -26"><span class='ocrx_word' id='word_1_32' title='bbox 268 1101 411 1187; x_wconf 87' lang='lat' dir='ltr'><strong>protasis</strong></span> <span class='ocrx_word' id='word_1_33' title='bbox 434 1122 470 1164; x_wconf 88' lang='lat' dir='ltr'><strong>re</strong></span> <span class='ocrx_word' id='word_1_34' title='bbox 497 1121 578 1164; x_wconf 88' lang='lat' dir='ltr'><strong>vera</strong></span> <span class='ocrx_word' id='word_1_35' title='bbox 598 1100 666 1183; x_wconf 91' lang='lat' dir='ltr'><strong>fiat,</strong></span> <span class='ocrx_word' id='word_1_36' title='bbox 691 1123 733 1163; x_wconf 86' lang='lat' dir='ltr'><strong>an</strong></span> <span class='ocrx_word' id='word_1_37' title='bbox 756 1102 888 1165; x_wconf 87' lang='lat' dir='ltr'><strong>veritati</strong></span> <span class='ocrx_word' id='word_1_38' title='bbox 912 1114 1086 1189; x_wconf 77' lang='lat' dir='ltr'><strong>repugnet,</strong></span> <span class='ocrx_word' id='word_1_39' title='bbox 1110 1125 1152 1166; x_wconf 92' lang='lat' dir='ltr'><strong>an</strong></span> <span class='ocrx_word' id='word_1_40' title='bbox 1172 1104 1356 1189; x_wconf 85' lang='lat' dir='ltr'><strong>cogitetur,</strong></span> <span class='ocrx_word' id='word_1_41' title='bbox 1382 1103 1544 1166; x_wconf 89' lang='lat' dir='ltr'><strong>enuntiati</strong></span> <span class='ocrx_word' id='word_1_42' title='bbox 1564 1102 1669 1167; x_wconf 88' lang='lat' dir='ltr'><strong>forma</strong></span> <span class='ocrx_word' id='word_1_43' title='bbox 1691 1124 1757 1166; x_wconf 93' lang='lat' dir='ltr'><strong>non</strong></span> <span class='ocrx_word' id='word_1_44' title='bbox 1781 1101 1959 1181; x_wconf 83' lang='lat' dir='ltr'><strong>indicatur,</strong></span> 
     </span>
     <span class='ocr_line' id='line_1_6' title="bbox 268 1218 1960 1308; baseline 0.001 -25"><span class='ocrx_word' id='word_1_45' title='bbox 268 1218 329 1283; x_wconf 90' lang='lat' dir='ltr'><strong>sed</strong></span> <span class='ocrx_word' id='word_1_46' title='bbox 347 1220 375 1284; x_wconf 91' lang='lat' dir='ltr'><strong>is</strong></span> <span class='ocrx_word' id='word_1_47' title='bbox 394 1220 451 1306; x_wconf 93' lang='lat' dir='ltr'><strong>qui</strong></span> <span class='ocrx_word' id='word_1_48' title='bbox 470 1219 617 1306; x_wconf 88' lang='lat' dir='ltr'><strong>loquitur</strong></span> <span class='ocrx_word' id='word_1_49' title='bbox 635 1242 675 1286; x_wconf 89' lang='lat' dir='ltr'><strong>eo</strong></span> <span class='ocrx_word' id='word_1_50' title='bbox 695 1229 822 1284; x_wconf 85' lang='lat' dir='ltr'><strong>tantum</strong></span> <span class='ocrx_word' id='word_1_51' title='bbox 842 1220 980 1286; x_wconf 89' lang='lat' dir='ltr'><strong>consilio</strong></span> <span class='ocrx_word' id='word_1_52' title='bbox 1000 1223 1148 1307; x_wconf 90' lang='lat' dir='ltr'><strong>protasin</strong></span> <span class='ocrx_word' id='word_1_53' title='bbox 1167 1224 1273 1308; x_wconf 93' lang='lat' dir='ltr'><strong>ponit,</strong></span> <span class='ocrx_word' id='word_1_54' title='bbox 1296 1230 1333 1287; x_wconf 91' lang='lat' dir='ltr'><strong>ut</strong></span> <span class='ocrx_word' id='word_1_55' title='bbox 1350 1221 1428 1287; x_wconf 93' lang='lat' dir='ltr'><strong>inde</strong></span> <span class='ocrx_word' id='word_1_56' title='bbox 1446 1219 1536 1285; x_wconf 83' lang='lat' dir='ltr'><strong>aliud</strong></span> <span class='ocrx_word' id='word_1_57' title='bbox 1557 1220 1638 1304; x_wconf 93' lang='lat' dir='ltr'><strong>quid</strong></span> <span class='ocrx_word' id='word_1_58' title='bbox 1657 1219 1803 1305; x_wconf 90' lang='lat' dir='ltr'><strong>colligat.</strong></span> <span class='ocrx_word' id='word_1_59' title='bbox 1842 1221 1960 1307; x_wconf 87' lang='lat' dir='ltr'><strong>ltaque</strong></span> 
     </span>
     <span class='ocr_line' id='line_1_7' title="bbox 268 1339 1962 1427; baseline 0.001 -24"><span class='ocrx_word' id='word_1_60' title='bbox 268 1361 338 1404; x_wconf 92' lang='lat' dir='ltr'><strong>rem</strong></span> <span class='ocrx_word' id='word_1_61' title='bbox 362 1360 435 1403; x_wconf 89' lang='lat' dir='ltr'><strong>esse</strong></span> <span class='ocrx_word' id='word_1_62' title='bbox 454 1340 539 1403; x_wconf 89' lang='lat' dir='ltr'><strong>sumi</strong></span> <span class='ocrx_word' id='word_1_63' title='bbox 559 1349 679 1425; x_wconf 88' lang='lat' dir='ltr'><strong>potest,</strong></span> <span class='ocrx_word' id='word_1_64' title='bbox 704 1362 801 1425; x_wconf 91' lang='lat' dir='ltr'><strong>quam</strong></span> <span class='ocrx_word' id='word_1_65' title='bbox 822 1362 857 1403; x_wconf 92' lang='lat' dir='ltr'><strong>re</strong></span> <span class='ocrx_word' id='word_1_66' title='bbox 875 1362 956 1404; x_wconf 92' lang='lat' dir='ltr'><strong>vera</strong></span> <span class='ocrx_word' id='word_1_67' title='bbox 973 1362 1046 1405; x_wconf 85' lang='lat' dir='ltr'><strong>esse</strong></span> <span class='ocrx_word' id='word_1_68' title='bbox 1065 1341 1214 1427; x_wconf 84' lang='lat' dir='ltr'><strong>loquenti</strong></span> <span class='ocrx_word' id='word_1_69' title='bbox 1233 1363 1427 1427; x_wconf 88' lang='lat' dir='ltr'><strong>persuasum</strong></span> <span class='ocrx_word' id='word_1_70' title='bbox 1452 1351 1512 1422; x_wconf 88' lang='lat' dir='ltr'><strong>est,</strong></span> <span class='ocrx_word' id='word_1_71' title='bbox 1537 1362 1602 1425; x_wconf 91' lang='lat' dir='ltr'><strong>quo</strong></span> <span class='ocrx_word' id='word_1_72' title='bbox 1622 1339 1668 1422; x_wconf 89' lang='lat' dir='ltr'><strong>fit,</strong></span> <span class='ocrx_word' id='word_1_73' title='bbox 1693 1349 1729 1403; x_wconf 92' lang='lat' dir='ltr'><strong>ut</strong></span> <span class='ocrx_word' id='word_1_74' title='bbox 1747 1341 1777 1404; x_wconf 84' lang='grc' dir='ltr'><strong>εἰ</strong></span> <span class='ocrx_word' id='word_1_75' title='bbox 1796 1339 1962 1426; x_wconf 88' lang='lat' dir='ltr'><strong>particula</strong></span> 
     </span>
     <span class='ocr_line' id='line_1_8' title="bbox 268 1456 1962 1545; baseline 0 -23"><span class='ocrx_word' id='word_1_76' title='bbox 268 1458 338 1523; x_wconf 85' lang='lat' dir='ltr'><strong>sera</strong></span> <span class='ocrx_word' id='word_1_77' title='bbox 362 1456 450 1522; x_wconf 91' lang='lat' dir='ltr'><strong>idem</strong></span> <span class='ocrx_word' id='word_1_78' title='bbox 472 1457 593 1541; x_wconf 90' lang='lat' dir='ltr'><strong>valeat,</strong></span> <span class='ocrx_word' id='word_1_79' title='bbox 624 1457 714 1544; x_wconf 91' lang='lat' dir='ltr'><strong>quod</strong></span> <span class='ocrx_word' id='word_1_80' title='bbox 737 1458 899 1545; x_wconf 90' lang='lat' dir='ltr'><strong>particula</strong></span> <span class='ocrx_word' id='word_1_81' title='bbox 923 1459 1064 1525; x_wconf 86' lang='lat' dir='ltr'><strong>causalis</strong></span> <span class='ocrx_word' id='word_1_82' title='bbox 1085 1461 1171 1542; x_wconf 80' lang='grc' dir='ltr'><strong><em>ἐπεί,</em></strong></span> <span class='ocrx_word' id='word_1_83' title='bbox 1194 1470 1230 1524; x_wconf 92' lang='lat' dir='ltr'><strong>ut</strong></span> <span class='ocrx_word' id='word_1_84' title='bbox 1247 1459 1342 1541; x_wconf 88' lang='lat' dir='ltr'><strong>VIII,</strong></span> <span class='ocrx_word' id='word_1_85' title='bbox 1356 1460 1448 1537; x_wconf 82' lang='lat'><strong>33.*)</strong></span> <span class='ocrx_word' id='word_1_86' title='bbox 1478 1460 1525 1523; x_wconf 91' lang='lat' dir='ltr'><strong>lis</strong></span> <span class='ocrx_word' id='word_1_87' title='bbox 1544 1460 1630 1523; x_wconf 88' lang='lat' dir='ltr'><strong>enim</strong></span> <span class='ocrx_word' id='word_1_88' title='bbox 1655 1481 1740 1545; x_wconf 84' lang='lat' dir='ltr'><strong>quoe</strong></span> <span class='ocrx_word' id='word_1_89' title='bbox 1760 1458 1962 1523; x_wconf 89' lang='lat' dir='ltr'><strong>antecedunt</strong></span> 
     </span>
     <span class='ocr_line' id='line_1_9' title="bbox 269 1576 1959 1665; baseline 0 -23"><span class='ocrx_word' id='word_1_90' title='bbox 269 1586 380 1643; x_wconf 86' lang='lat' dir='ltr'><strong>orator</strong></span> <span class='ocrx_word' id='word_1_91' title='bbox 395 1579 562 1663; x_wconf 75' lang='lat' dir='ltr'><strong>exposuit,</strong></span> <span class='ocrx_word' id='word_1_92' title='bbox 588 1579 622 1641; x_wconf 93' lang='lat' dir='ltr'><strong>in</strong></span> <span class='ocrx_word' id='word_1_93' title='bbox 644 1576 885 1642; x_wconf 80' lang='lat' dir='ltr'><strong>hereditatibus</strong></span> <span class='ocrx_word' id='word_1_94' title='bbox 901 1576 1133 1664; x_wconf 81' lang='lat' dir='ltr'><strong>adjudicandis</strong></span> <span class='ocrx_word' id='word_1_95' title='bbox 1151 1578 1252 1644; x_wconf 86' lang='lat' dir='ltr'><strong>filiam</strong></span> <span class='ocrx_word' id='word_1_96' title='bbox 1269 1580 1340 1664; x_wconf 89' lang='lat' dir='ltr'><strong>ejus</strong></span> <span class='ocrx_word' id='word_1_97' title='bbox 1357 1580 1413 1664; x_wconf 93' lang='lat' dir='ltr'><strong>qui</strong></span> <span class='ocrx_word' id='word_1_98' title='bbox 1430 1588 1660 1643; x_wconf 90' lang='lat' dir='ltr'><strong>testamentum</strong></span> <span class='ocrx_word' id='word_1_99' title='bbox 1684 1577 1786 1641; x_wconf 85' lang='lat' dir='ltr'><strong>facist</strong></span> <span class='ocrx_word' id='word_1_100' title='bbox 1804 1576 1959 1665; x_wconf 88' lang='lat' dir='ltr'><strong>filiaeque</strong></span> 
     </span>
     <span class='ocr_line' id='line_1_10' title="bbox 270 1688 1961 1784; baseline -0.001 -24"><span class='ocrx_word' id='word_1_101' title='bbox 270 1695 394 1761; x_wconf 90' lang='lat' dir='ltr'><strong>liberos</strong></span> <span class='ocrx_word' id='word_1_102' title='bbox 417 1695 511 1761; x_wconf 89' lang='lat' dir='ltr'><strong>fratri</strong></span> <span class='ocrx_word' id='word_1_103' title='bbox 534 1698 710 1783; x_wconf 81' lang='lat' dir='ltr'><strong>anteponi3</strong></span> <span class='ocrx_word' id='word_1_104' title='bbox 746 1706 814 1761; x_wconf 95' lang='lat' dir='ltr'><strong>tum</strong></span> <span class='ocrx_word' id='word_1_105' title='bbox 838 1695 950 1762; x_wconf 84' lang='lat' dir='ltr'><strong>verbis</strong></span> <span class='ocrx_word' id='word_1_106' title='bbox 980 1701 1106 1784; x_wconf 84' lang='lat' dir='ltr'><strong>pergit:</strong></span> <span class='ocrx_word' id='word_1_107' title='bbox 1138 1700 1168 1762; x_wconf 83' lang='grc' dir='ltr'><strong>εἰ</strong></span> <span class='ocrx_word' id='word_1_108' title='bbox 1191 1701 1232 1780; x_wconf 81' lang='grc' dir='ltr'><strong>δη</strong></span> <span class='ocrx_word' id='word_1_109' title='bbox 1255 1706 1443 1780; x_wconf 77' lang='grc' dir='ltr'><strong><em>προέχομεν</em></strong></span> <span class='ocrx_word' id='word_1_110' title='bbox 1467 1696 1617 1782; x_wconf 82' lang='grc' dir='ltr'><strong><em>ἀδελφοῦ</em></strong></span> <span class='ocrx_word' id='word_1_111' title='bbox 1637 1699 1821 1779; x_wconf 82' lang='grc' dir='ltr'><strong><em>τοσοῦτον,</em></strong></span> <span class='ocrx_word' id='word_1_112' title='bbox 1850 1688 1961 1778; x_wconf 82' lang='grc' dir='ltr'><strong><em>ἦπου</em></strong></span> 
     </span>
     <span class='ocr_line' id='line_1_11' title="bbox 266 1812 1959 1902; baseline 0 -24"><span class='ocrx_word' id='word_1_113' title='bbox 266 1816 366 1878; x_wconf 76' lang='grc' dir='ltr'><strong><em>τοῦδέ</em></strong></span> <span class='ocrx_word' id='word_1_114' title='bbox 387 1819 418 1897; x_wconf 78' lang='grc' dir='ltr'><strong>γ’</strong></span> <span class='ocrx_word' id='word_1_115' title='bbox 442 1812 539 1891; x_wconf 81' lang='grc' dir='ltr'><strong><em>ὄντος</em></strong></span> <span class='ocrx_word' id='word_1_116' title='bbox 562 1814 747 1902; x_wconf 79' lang='grc' dir='ltr'><em>ἀδελφιδοῦ</em></span> <span class='ocrx_word' id='word_1_117' title='bbox 772 1819 933 1898; x_wconf 75' lang='grc' dir='ltr'><strong><em>πάμπολυ</em></strong></span> <span class='ocrx_word' id='word_1_118' title='bbox 957 1821 1115 1899; x_wconf 87' lang='grc' dir='ltr'><strong><em>πρότεροί</em></strong></span> <span class='ocrx_word' id='word_1_119' title='bbox 1138 1818 1247 1899; x_wconf 71' lang='grc' dir='ltr'><strong><em>ἐσμεν.</em></strong></span> <span class='ocrx_word' id='word_1_120' title='bbox 1294 1817 1373 1882; x_wconf 90' lang='lat' dir='ltr'><strong>Sine</strong></span> <span class='ocrx_word' id='word_1_121' title='bbox 1404 1814 1506 1880; x_wconf 91' lang='lat' dir='ltr'><strong>dubio</strong></span> <span class='ocrx_word' id='word_1_122' title='bbox 1530 1838 1596 1880; x_wconf 91' lang='lat' dir='ltr'><strong>nou</strong></span> <span class='ocrx_word' id='word_1_123' title='bbox 1626 1815 1762 1879; x_wconf 88' lang='lat' dir='ltr'><strong>multum</strong></span> <span class='ocrx_word' id='word_1_124' title='bbox 1791 1817 1959 1896; x_wconf 86' lang='lat' dir='ltr'><strong>intererat,</strong></span> 
     </span>
     <span class='ocr_line' id='line_1_12' title="bbox 267 1932 1959 2021; baseline -0.001 -23"><span class='ocrx_word' id='word_1_125' title='bbox 267 1956 345 1999; x_wconf 91' lang='lat' dir='ltr'><strong>num</strong></span> <span class='ocrx_word' id='word_1_126' title='bbox 368 1943 480 2000; x_wconf 85' lang='lat' dir='ltr'><strong>orator</strong></span> <span class='ocrx_word' id='word_1_127' title='bbox 502 1932 725 1999; x_wconf 87' lang='lat' dir='ltr'><strong>condicionali</strong></span> <span class='ocrx_word' id='word_1_128' title='bbox 748 1957 791 1999; x_wconf 88' lang='lat' dir='ltr'><strong>an</strong></span> <span class='ocrx_word' id='word_1_129' title='bbox 813 1934 937 1999; x_wconf 85' lang='lat' dir='ltr'><strong>causali</strong></span> <span class='ocrx_word' id='word_1_130' title='bbox 962 1936 1124 2021; x_wconf 89' lang='lat' dir='ltr'><strong>particula</strong></span> <span class='ocrx_word' id='word_1_131' title='bbox 1147 1945 1304 2000; x_wconf 85' lang='lat' dir='ltr'><strong>uteretur.</strong></span> <span class='ocrx_word' id='word_1_132' title='bbox 1351 1934 1475 2000; x_wconf 86' lang='lat' dir='ltr'><strong>Similis</strong></span> <span class='ocrx_word' id='word_1_133' title='bbox 1494 1933 1587 2000; x_wconf 90' lang='lat' dir='ltr'><strong>locus</strong></span> <span class='ocrx_word' id='word_1_134' title='bbox 1611 1935 1673 2017; x_wconf 81' lang='lat' dir='ltr'><strong>lx,</strong></span> <span class='ocrx_word' id='word_1_135' title='bbox 1697 1936 1736 1998; x_wconf 81' lang='lat'><strong>12</strong></span> <span class='ocrx_word' id='word_1_136' title='bbox 1759 1944 1878 2018; x_wconf 81' lang='lat' dir='ltr'><strong>exstat,</strong></span> <span class='ocrx_word' id='word_1_137' title='bbox 1902 1932 1959 1997; x_wconf 92' lang='lat' dir='ltr'><strong>ubi</strong></span> 
     </span>
     <span class='ocr_line' id='line_1_13' title="bbox 266 2051 1959 2141; baseline -0.001 -24"><span class='ocrx_word' id='word_1_138' title='bbox 266 2051 372 2118; x_wconf 88' lang='lat' dir='ltr'><strong>verba</strong></span> <span class='ocrx_word' id='word_1_139' title='bbox 389 2052 420 2118; x_wconf 86' lang='grc' dir='ltr'><strong>εί</strong></span> <span class='ocrx_word' id='word_1_140' title='bbox 441 2055 628 2117; x_wconf 67' lang='grc' dir='ltr'><strong><em>δίναντίον</em></strong></span> <span class='ocrx_word' id='word_1_141' title='bbox 645 2058 822 2139; x_wconf 84' lang='grc' dir='ltr'><strong><em>μαρτύρων</em></strong></span> <span class='ocrx_word' id='word_1_142' title='bbox 840 2058 996 2141; x_wconf 82' lang='grc' dir='ltr'><strong><em>φαίνεται</em></strong></span> <span class='ocrx_word' id='word_1_143' title='bbox 1020 2053 1223 2137; x_wconf 77' lang='grc' dir='ltr'><strong><em>διαθέμενος</em></strong></span> <span class='ocrx_word' id='word_1_144' title='bbox 1245 2055 1329 2118; x_wconf 84' lang='lat' dir='ltr'><strong>verti</strong></span> <span class='ocrx_word' id='word_1_145' title='bbox 1352 2062 1507 2140; x_wconf 86' lang='lat' dir='ltr'><strong>possunt:</strong></span> <span class='ocrx_word' id='word_1_146' title='bbox 1531 2075 1605 2117; x_wconf 92' lang='lat' dir='ltr'><strong>eum</strong></span> <span class='ocrx_word' id='word_1_147' title='bbox 1626 2064 1736 2118; x_wconf 92' lang='lat' dir='ltr'><strong>autem</strong></span> <span class='ocrx_word' id='word_1_148' title='bbox 1752 2076 1827 2117; x_wconf 91' lang='lat' dir='ltr'><strong>eum</strong></span> <span class='ocrx_word' id='word_1_149' title='bbox 1849 2075 1959 2118; x_wconf 87' lang='lat' dir='ltr'><strong>coram</strong></span> 
     </span>
     <span class='ocr_line' id='line_1_14' title="bbox 266 2171 1961 2260; baseline -0.002 -24"><span class='ocrx_word' id='word_1_150' title='bbox 266 2171 407 2238; x_wconf 88' lang='lat' dir='ltr'><strong>testibus</strong></span> <span class='ocrx_word' id='word_1_151' title='bbox 428 2173 652 2237; x_wconf 89' lang='lat' dir='ltr'><strong>testimonium</strong></span> <span class='ocrx_word' id='word_1_152' title='bbox 676 2173 796 2238; x_wconf 80' lang='lat' dir='ltr'><strong>iecisse</strong></span> <span class='ocrx_word' id='word_1_153' title='bbox 819 2183 989 2260; x_wconf 88' lang='lat' dir='ltr'><strong>appareat.</strong></span> <span class='ocrx_word' id='word_1_154' title='bbox 1041 2173 1148 2238; x_wconf 80' lang='lat' dir='ltr'><strong>Etiam</strong></span> <span class='ocrx_word' id='word_1_155' title='bbox 1167 2174 1229 2256; x_wconf 90' lang='lat' dir='ltr'><strong>XI,</strong></span> <span class='ocrx_word' id='word_1_156' title='bbox 1257 2173 1295 2238; x_wconf 83' lang='lat'><strong>13</strong></span> <span class='ocrx_word' id='word_1_157' title='bbox 1318 2174 1352 2237; x_wconf 92' lang='lat' dir='ltr'><strong>in</strong></span> <span class='ocrx_word' id='word_1_158' title='bbox 1376 2174 1547 2239; x_wconf 88' lang='lat' dir='ltr'><strong>enuntiato</strong></span> <span class='ocrx_word' id='word_1_159' title='bbox 1575 2173 1659 2237; x_wconf 81' lang='grc' dir='ltr'><strong><em>ἀλλὰ</em></strong></span> <span class='ocrx_word' id='word_1_160' title='bbox 1680 2172 1746 2254; x_wconf 75' lang='grc' dir='ltr'><strong>μὴν</strong></span> <span class='ocrx_word' id='word_1_161' title='bbox 1772 2173 1801 2236; x_wconf 87' lang='grc' dir='ltr'><strong>εἰ</strong></span> <span class='ocrx_word' id='word_1_162' title='bbox 1825 2174 1961 2246; x_wconf 77' lang='grc' dir='ltr'><strong><em>τούτοις</em></strong></span> 
     </span>
    </p>
   </div>
   <div class='ocr_carea' id='block_1_2' title="bbox 266 2278 1961 2376">
    <p class='ocr_par' dir='ltr' id='par_1_3' title="bbox 266 2278 1961 2376">
     <span class='ocr_line' id='line_1_15' title="bbox 266 2278 1961 2376; baseline 0 -22"><span class='ocrx_word' id='word_1_163' title='bbox 266 2291 312 2374; x_wconf 76' lang='grc' dir='ltr'><strong>μη</strong></span> <span class='ocrx_word' id='word_1_164' title='bbox 334 2293 498 2374; x_wconf 79' lang='grc' dir='ltr'><strong><em>μέτεστιν,</em></strong></span> <span class='ocrx_word' id='word_1_165' title='bbox 520 2278 566 2354; x_wconf 73' lang='grc' dir='ltr'><strong>ὧν</strong></span> <span class='ocrx_word' id='word_1_166' title='bbox 584 2291 620 2355; x_wconf 88' lang='grc' dir='ltr'><strong>οἱ</strong></span> <span class='ocrx_word' id='word_1_167' title='bbox 642 2300 786 2374; x_wconf 76' lang='grc' dir='ltr'><strong><em>πατέρες</em></strong></span> <span class='ocrx_word' id='word_1_168' title='bbox 808 2291 931 2357; x_wconf 78' lang='grc' dir='ltr'><strong><em>ταύτὸν</em></strong></span> <span class='ocrx_word' id='word_1_169' title='bbox 954 2293 1032 2375; x_wconf 83' lang='grc' dir='ltr'><strong><em>ἐμοὶ</em></strong></span> <span class='ocrx_word' id='word_1_170' title='bbox 1047 2295 1229 2374; x_wconf 82' lang='grc' dir='ltr'><strong><em>προσῆκον,</em></strong></span> <span class='ocrx_word' id='word_1_171' title='bbox 1256 2291 1334 2357; x_wconf 82' lang='grc' dir='ltr'><strong><em>οὐδὲ</em></strong></span> <span class='ocrx_word' id='word_1_172' title='bbox 1348 2294 1456 2374; x_wconf 83' lang='grc' dir='ltr'><strong><em>τούτῳ</em></strong></span> <span class='ocrx_word' id='word_1_173' title='bbox 1471 2295 1522 2374; x_wconf 79' lang='grc' dir='ltr'><strong>τῷ</strong></span> <span class='ocrx_word' id='word_1_174' title='bbox 1543 2289 1642 2356; x_wconf 90' lang='grc' dir='ltr'><strong><em>παιδί</em></strong></span> <span class='ocrx_word' id='word_1_175' title='bbox 1658 2294 1803 2372; x_wconf 87' lang='grc' dir='ltr'><strong><em>γίγνεται</em></strong></span> <span class='ocrx_word' id='word_1_176' title='bbox 1818 2291 1961 2376; x_wconf 87' lang='lat' dir='ltr'><strong>protasis</strong></span> 
     </span>
    </p>
   </div>
   <div class='ocr_carea' id='block_1_3' title="bbox 267 2408 1968 4640">
    <p class='ocr_par' dir='ltr' id='par_1_4' title="bbox 267 2408 1968 4284">
     <span class='ocr_line' id='line_1_16' title="bbox 267 2408 1961 2498; baseline -0.002 -23"><span class='ocrx_word' id='word_1_177' title='bbox 267 2409 311 2475; x_wconf 88' lang='lat' dir='ltr'><strong>ad</strong></span> <span class='ocrx_word' id='word_1_178' title='bbox 343 2409 509 2475; x_wconf 81' lang='lat' dir='ltr'><strong>causalem</strong></span> <span class='ocrx_word' id='word_1_179' title='bbox 541 2410 738 2475; x_wconf 89' lang='lat' dir='ltr'><strong>sententiam</strong></span> <span class='ocrx_word' id='word_1_180' title='bbox 770 2434 876 2498; x_wconf 91' lang='lat' dir='ltr'><strong>prope</strong></span> <span class='ocrx_word' id='word_1_181' title='bbox 907 2410 1050 2476; x_wconf 88' lang='lat' dir='ltr'><strong>accedit.</strong></span> <span class='ocrx_word' id='word_1_182' title='bbox 1086 2411 1241 2475; x_wconf 78' lang='lat' dir='ltr'><strong>Differre</strong></span> <span class='ocrx_word' id='word_1_183' title='bbox 1273 2421 1383 2475; x_wconf 84' lang='lat' dir='ltr'><strong>autem</strong></span> <span class='ocrx_word' id='word_1_184' title='bbox 1414 2409 1494 2475; x_wconf 81' lang='lat' dir='ltr'><strong>talia</strong></span> <span class='ocrx_word' id='word_1_185' title='bbox 1524 2411 1695 2474; x_wconf 85' lang='lat' dir='ltr'><strong>enuntiata</strong></span> <span class='ocrx_word' id='word_1_186' title='bbox 1724 2433 1745 2473; x_wconf 84' lang='lat' dir='ltr'><strong>a</strong></span> <span class='ocrx_word' id='word_1_187' title='bbox 1772 2408 1961 2474; x_wconf 84' lang='lat' dir='ltr'><strong>causalibus</strong></span> 
     </span>
     <span class='ocr_line' id='line_1_17' title="bbox 268 2527 1960 2616; baseline -0.001 -22"><span class='ocrx_word' id='word_1_188' title='bbox 268 2551 450 2616; x_wconf 89' lang='lat' dir='ltr'><strong>eorumque</strong></span> <span class='ocrx_word' id='word_1_189' title='bbox 472 2531 539 2593; x_wconf 89' lang='lat' dir='ltr'><strong>vim</strong></span> <span class='ocrx_word' id='word_1_190' title='bbox 562 2530 598 2593; x_wconf 95' lang='lat' dir='ltr'><strong>in</strong></span> <span class='ocrx_word' id='word_1_191' title='bbox 622 2538 714 2593; x_wconf 86' lang='lat' dir='ltr'><strong>certa</strong></span> <span class='ocrx_word' id='word_1_192' title='bbox 736 2529 958 2595; x_wconf 88' lang='lat' dir='ltr'><strong>concludendi</strong></span> <span class='ocrx_word' id='word_1_193' title='bbox 980 2531 1109 2596; x_wconf 89' lang='lat' dir='ltr'><strong>ratione</strong></span> <span class='ocrx_word' id='word_1_194' title='bbox 1133 2529 1204 2596; x_wconf 88' lang='lat' dir='ltr'><strong>sola</strong></span> <span class='ocrx_word' id='word_1_195' title='bbox 1222 2553 1294 2596; x_wconf 89' lang='lat' dir='ltr'><strong>esse</strong></span> <span class='ocrx_word' id='word_1_196' title='bbox 1313 2530 1451 2609; x_wconf 88' lang='lat' dir='ltr'><strong>positam</strong></span> <span class='ocrx_word' id='word_1_197' title='bbox 1470 2531 1512 2594; x_wconf 93' lang='lat' dir='ltr'><strong>iis</strong></span> <span class='ocrx_word' id='word_1_198' title='bbox 1531 2528 1694 2615; x_wconf 85' lang='lat' dir='ltr'><strong>exemplis</strong></span> <span class='ocrx_word' id='word_1_199' title='bbox 1713 2527 1960 2615; x_wconf 88' lang='lat' dir='ltr'><strong>comprobatur,</strong></span> 
     </span>
     <span class='ocr_line' id='line_1_18' title="bbox 268 2645 1961 2737; baseline -0.001 -25"><span class='ocrx_word' id='word_1_200' title='bbox 268 2650 304 2712; x_wconf 91' lang='lat' dir='ltr'><strong>in</strong></span> <span class='ocrx_word' id='word_1_201' title='bbox 328 2645 450 2735; x_wconf 92' lang='lat' dir='ltr'><strong>quibus</strong></span> <span class='ocrx_word' id='word_1_202' title='bbox 472 2669 597 2713; x_wconf 90' lang='lat' dir='ltr'><strong>meram</strong></span> <span class='ocrx_word' id='word_1_203' title='bbox 621 2646 885 2714; x_wconf 79' lang='lat' dir='ltr'><strong>condicionalem</strong></span> <span class='ocrx_word' id='word_1_204' title='bbox 903 2651 970 2713; x_wconf 92' lang='lat' dir='ltr'><strong>vim</strong></span> <span class='ocrx_word' id='word_1_205' title='bbox 989 2660 1168 2736; x_wconf 89' lang='lat' dir='ltr'><strong>propterca</strong></span> <span class='ocrx_word' id='word_1_206' title='bbox 1185 2651 1294 2714; x_wconf 87' lang='lat' dir='ltr'><strong>inesse</strong></span> <span class='ocrx_word' id='word_1_207' title='bbox 1313 2658 1416 2737; x_wconf 84' lang='lat' dir='ltr'><strong>patet,</strong></span> <span class='ocrx_word' id='word_1_208' title='bbox 1441 2647 1531 2735; x_wconf 93' lang='lat' dir='ltr'><strong>quod</strong></span> <span class='ocrx_word' id='word_1_209' title='bbox 1549 2670 1623 2712; x_wconf 92' lang='lat' dir='ltr'><strong>eum</strong></span> <span class='ocrx_word' id='word_1_210' title='bbox 1643 2650 1700 2735; x_wconf 91' lang='lat' dir='ltr'><strong>qui</strong></span> <span class='ocrx_word' id='word_1_211' title='bbox 1718 2647 1866 2734; x_wconf 91' lang='lat' dir='ltr'><strong>loquitur</strong></span> <span class='ocrx_word' id='word_1_212' title='bbox 1883 2670 1961 2712; x_wconf 93' lang='lat' dir='ltr'><strong>num</strong></span> 
     </span>
     <span class='ocr_line' id='line_1_19' title="bbox 268 2766 1960 2853; baseline -0.002 -21"><span class='ocrx_word' id='word_1_213' title='bbox 268 2768 356 2833; x_wconf 88' lang='lat' dir='ltr'><strong>actio</strong></span> <span class='ocrx_word' id='word_1_214' title='bbox 374 2767 517 2853; x_wconf 87' lang='lat' dir='ltr'><strong>protasis</strong></span> <span class='ocrx_word' id='word_1_215' title='bbox 535 2766 695 2832; x_wconf 85' lang='lat' dir='ltr'><strong>adfinem</strong></span> <span class='ocrx_word' id='word_1_216' title='bbox 714 2766 917 2853; x_wconf 84' lang='lat' dir='ltr'><strong>perducatur</strong></span> <span class='ocrx_word' id='word_1_217' title='bbox 937 2790 1043 2832; x_wconf 87' lang='lat' dir='ltr'><strong>necne</strong></span> <span class='ocrx_word' id='word_1_218' title='bbox 1062 2770 1203 2849; x_wconf 86' lang='lat' dir='ltr'><strong>nescire,</strong></span> <span class='ocrx_word' id='word_1_219' title='bbox 1225 2791 1243 2832; x_wconf 93' lang='lat' dir='ltr'><strong>e</strong></span> <span class='ocrx_word' id='word_1_220' title='bbox 1260 2770 1496 2833; x_wconf 89' lang='lat' dir='ltr'><strong>sententiarum</strong></span> <span class='ocrx_word' id='word_1_221' title='bbox 1516 2789 1605 2831; x_wconf 87' lang='lat' dir='ltr'><strong>nexu</strong></span> <span class='ocrx_word' id='word_1_222' title='bbox 1624 2788 1827 2850; x_wconf 84' lang='lat' dir='ltr'><strong>cognoscere</strong></span> <span class='ocrx_word' id='word_1_223' title='bbox 1847 2787 1960 2850; x_wconf 88' lang='lat' dir='ltr'><strong>possu-</strong></span> 
     </span>
     <span class='ocr_line' id='line_1_20' title="bbox 268 2881 1968 2973; baseline -0.002 -23"><span class='ocrx_word' id='word_1_224' title='bbox 268 2909 349 2951; x_wconf 90' lang='lat' dir='ltr'><strong>mus.</strong></span> <span class='ocrx_word' id='word_1_225' title='bbox 418 2884 591 2971; x_wconf 85' lang='lat' dir='ltr'><strong>Ejusmodi</strong></span> <span class='ocrx_word' id='word_1_226' title='bbox 620 2886 810 2973; x_wconf 82' lang='lat' dir='ltr'><strong>exemplum</strong></span> <span class='ocrx_word' id='word_1_227' title='bbox 837 2888 966 2952; x_wconf 88' lang='lat' dir='ltr'><strong>occurit</strong></span> <span class='ocrx_word' id='word_1_228' title='bbox 987 2886 1015 2970; x_wconf 93' lang='lat' dir='ltr'><strong>l,</strong></span> <span class='ocrx_word' id='word_1_229' title='bbox 1037 2888 1096 2952; x_wconf 77' lang='lat'><strong>37:</strong></span> <span class='ocrx_word' id='word_1_230' title='bbox 1120 2886 1186 2951; x_wconf 83' lang='grc' dir='ltr'><strong><em>εἴτε</em></strong></span> <span class='ocrx_word' id='word_1_231' title='bbox 1215 2889 1278 2970; x_wconf 86' lang='grc' dir='ltr'><strong>γὰρ</strong></span> <span class='ocrx_word' id='word_1_232' title='bbox 1301 2886 1361 2951; x_wconf 86' lang='grc' dir='ltr'><strong>διὰ</strong></span> <span class='ocrx_word' id='word_1_233' title='bbox 1382 2890 1442 2968; x_wconf 77' lang='grc' dir='ltr'><strong>την</strong></span> <span class='ocrx_word' id='word_1_234' title='bbox 1465 2888 1526 2950; x_wconf 80' lang='grc' dir='ltr'><strong>τοῦ</strong></span> <span class='ocrx_word' id='word_1_235' title='bbox 1547 2893 1664 2965; x_wconf 84' lang='grc' dir='ltr'><strong><em>γε’νονς</em></strong></span> <span class='ocrx_word' id='word_1_236' title='bbox 1688 2884 1882 2964; x_wconf 79' lang='grc' dir='ltr'><strong><em>ἀγχιστείαν</em></strong></span> <span class='ocrx_word' id='word_1_237' title='bbox 1910 2881 1968 2947; x_wconf 82' lang='grc' dir='ltr'><strong>δεῖ</strong></span> 
     </span>
     <span class='ocr_line' id='line_1_21' title="bbox 269 3001 1963 3089; baseline -0.004 -20"><span class='ocrx_word' id='word_1_238' title='bbox 269 3007 430 3086; x_wconf 75' lang='grc' dir='ltr'><strong><em>γενέσθαι</em></strong></span> <span class='ocrx_word' id='word_1_239' title='bbox 450 3007 544 3081; x_wconf 82' lang='grc' dir='ltr'><strong><em>τινὰς</em></strong></span> <span class='ocrx_word' id='word_1_240' title='bbox 565 3007 805 3088; x_wconf 89' lang='grc' dir='ltr'><strong><em>κληρονόμους,</em></strong></span> <span class='ocrx_word' id='word_1_241' title='bbox 828 3005 920 3089; x_wconf 75' lang='grc' dir='ltr'><strong><em>ἡμεῖς</em></strong></span> <span class='ocrx_word' id='word_1_242' title='bbox 942 3005 1103 3089; x_wconf 76' lang='grc' dir='ltr'><strong><em>ἐγγυτέρω</em></strong></span> <span class='ocrx_word' id='word_1_243' title='bbox 1130 3008 1216 3088; x_wconf 83' lang='grc' dir='ltr'><strong><em>γένει</em></strong></span> <span class='ocrx_word' id='word_1_244' title='bbox 1236 3005 1461 3087; x_wconf 75' lang='grc' dir='ltr'><strong><em>προσήκομεν,</em></strong></span> <span class='ocrx_word' id='word_1_245' title='bbox 1506 3002 1571 3068; x_wconf 78' lang='grc' dir='ltr'><strong><em>εἴτε</em></strong></span> <span class='ocrx_word' id='word_1_246' title='bbox 1601 3001 1659 3066; x_wconf 84' lang='grc' dir='ltr'><strong>διὰ</strong></span> <span class='ocrx_word' id='word_1_247' title='bbox 1687 3002 1746 3083; x_wconf 78' lang='grc' dir='ltr'><strong>τὴν</strong></span> <span class='ocrx_word' id='word_1_248' title='bbox 1768 3005 1882 3088; x_wconf 79' lang='grc' dir='ltr'><strong><em>φιλίαν</em></strong></span> <span class='ocrx_word' id='word_1_249' title='bbox 1905 3002 1963 3082; x_wconf 84' lang='grc' dir='ltr'><strong>τὴν</strong></span> 
     </span>
     <span class='ocr_line' id='line_1_22' title="bbox 269 3121 1962 3207; baseline -0.001 -20"><span class='ocrx_word' id='word_1_250' title='bbox 269 3125 501 3206; x_wconf 79' lang='grc' dir='ltr'><strong><em>ὑπάρχουσαν,</em></strong></span> <span class='ocrx_word' id='word_1_251' title='bbox 529 3122 644 3188; x_wconf 79' lang='grc' dir='ltr'><strong><em>ἴσασιν</em></strong></span> <span class='ocrx_word' id='word_1_252' title='bbox 673 3123 776 3188; x_wconf 79' lang='grc' dir='ltr'><strong><em>αὐτὸν</em></strong></span> <span class='ocrx_word' id='word_1_253' title='bbox 804 3121 949 3201; x_wconf 74' lang='grc' dir='ltr'><strong><em>ἅπαντες</em></strong></span> <span class='ocrx_word' id='word_1_254' title='bbox 979 3124 1055 3207; x_wconf 79' lang='grc' dir='ltr'><strong><em>ημῖν</em></strong></span> <span class='ocrx_word' id='word_1_255' title='bbox 1078 3123 1283 3205; x_wconf 85' lang='grc' dir='ltr'><strong><em>οἰκειότερον</em></strong></span> <span class='ocrx_word' id='word_1_256' title='bbox 1313 3125 1535 3205; x_wconf 80' lang='grc' dir='ltr'><strong><em>διακείμενον.</em></strong></span> <span class='ocrx_word' id='word_1_257' title='bbox 1581 3121 1756 3188; x_wconf 86' lang='lat' dir='ltr'><strong>Oratorem</strong></span> <span class='ocrx_word' id='word_1_258' title='bbox 1786 3144 1853 3186; x_wconf 90' lang='lat' dir='ltr'><strong>non</strong></span> <span class='ocrx_word' id='word_1_259' title='bbox 1882 3122 1962 3186; x_wconf 85' lang='lat' dir='ltr'><strong>satis</strong></span> 
     </span>
     <span class='ocr_line' id='line_1_23' title="bbox 271 3240 1963 3329; baseline -0.002 -21"><span class='ocrx_word' id='word_1_260' title='bbox 271 3244 357 3308; x_wconf 90' lang='lat' dir='ltr'><strong>scire</strong></span> <span class='ocrx_word' id='word_1_261' title='bbox 381 3264 489 3328; x_wconf 89' lang='lat' dir='ltr'><strong>neque</strong></span> <span class='ocrx_word' id='word_1_262' title='bbox 513 3241 698 3328; x_wconf 89' lang='lat' dir='ltr'><strong>dijudicare</strong></span> <span class='ocrx_word' id='word_1_263' title='bbox 722 3266 831 3329; x_wconf 89' lang='lat' dir='ltr'><strong>possa,</strong></span> <span class='ocrx_word' id='word_1_264' title='bbox 855 3255 963 3309; x_wconf 89' lang='lat' dir='ltr'><strong>utrum</strong></span> <span class='ocrx_word' id='word_1_265' title='bbox 986 3243 1168 3309; x_wconf 89' lang='lat' dir='ltr'><strong>adversarii</strong></span> <span class='ocrx_word' id='word_1_266' title='bbox 1193 3244 1299 3327; x_wconf 89' lang='lat' dir='ltr'><strong>magis</strong></span> <span class='ocrx_word' id='word_1_267' title='bbox 1322 3243 1531 3327; x_wconf 84' lang='lat' dir='ltr'><strong>cognationis</strong></span> <span class='ocrx_word' id='word_1_268' title='bbox 1554 3264 1597 3305; x_wconf 91' lang='lat' dir='ltr'><strong>an</strong></span> <span class='ocrx_word' id='word_1_269' title='bbox 1619 3240 1786 3305; x_wconf 90' lang='lat' dir='ltr'><strong>amicitiae</strong></span> <span class='ocrx_word' id='word_1_270' title='bbox 1809 3241 1881 3325; x_wconf 89' lang='lat' dir='ltr'><strong>ejus</strong></span> <span class='ocrx_word' id='word_1_271' title='bbox 1904 3241 1963 3326; x_wconf 89' lang='lat' dir='ltr'><strong>qui</strong></span> 
     </span>
     <span class='ocr_line' id='line_1_24' title="bbox 270 3358 1962 3449; baseline -0.002 -21"><span class='ocrx_word' id='word_1_272' title='bbox 270 3371 502 3428; x_wconf 89' lang='lat' dir='ltr'><strong>testamentum</strong></span> <span class='ocrx_word' id='word_1_273' title='bbox 524 3362 628 3426; x_wconf 85' lang='lat' dir='ltr'><strong>faciat</strong></span> <span class='ocrx_word' id='word_1_274' title='bbox 648 3363 811 3427; x_wconf 85' lang='lat' dir='ltr'><strong>rationem</strong></span> <span class='ocrx_word' id='word_1_275' title='bbox 825 3362 980 3444; x_wconf 85' lang='lat' dir='ltr'><strong>habeant,</strong></span> <span class='ocrx_word' id='word_1_276' title='bbox 1001 3362 1212 3448; x_wconf 86' lang='lat' dir='ltr'><strong>disjunctivis</strong></span> <span class='ocrx_word' id='word_1_277' title='bbox 1230 3360 1403 3449; x_wconf 89' lang='lat' dir='ltr'><strong>particulis</strong></span> <span class='ocrx_word' id='word_1_278' title='bbox 1421 3362 1503 3447; x_wconf 91' lang='lat' dir='ltr'><strong>ipsis</strong></span> <span class='ocrx_word' id='word_1_279' title='bbox 1519 3359 1616 3445; x_wconf 90' lang='lat' dir='ltr'><strong>hujus</strong></span> <span class='ocrx_word' id='word_1_280' title='bbox 1633 3359 1765 3447; x_wconf 88' lang='lat' dir='ltr'><strong>periodi</strong></span> <span class='ocrx_word' id='word_1_281' title='bbox 1783 3358 1962 3442; x_wconf 88' lang='lat' dir='ltr'><strong>indicatur,</strong></span> 
     </span>
     <span class='ocr_line' id='line_1_25' title="bbox 271 3477 1963 3569; baseline -0.003 -23"><span class='ocrx_word' id='word_1_282' title='bbox 271 3490 475 3569; x_wconf 85' lang='lat' dir='ltr'><strong>quapropter</strong></span> <span class='ocrx_word' id='word_1_283' title='bbox 496 3481 530 3544; x_wconf 92' lang='lat' dir='ltr'><strong>in</strong></span> <span class='ocrx_word' id='word_1_284' title='bbox 554 3480 585 3545; x_wconf 88' lang='grc' dir='ltr'><strong>εί</strong></span> <span class='ocrx_word' id='word_1_285' title='bbox 606 3480 770 3568; x_wconf 88' lang='lat' dir='ltr'><strong>particula</strong></span> <span class='ocrx_word' id='word_1_286' title='bbox 792 3503 883 3546; x_wconf 84' lang='lat' dir='ltr'><strong>mera</strong></span> <span class='ocrx_word' id='word_1_287' title='bbox 900 3484 952 3548; x_wconf 91' lang='lat' dir='ltr'><strong>vis</strong></span> <span class='ocrx_word' id='word_1_288' title='bbox 974 3480 1216 3548; x_wconf 84' lang='lat' dir='ltr'><strong>condicionalis</strong></span> <span class='ocrx_word' id='word_1_289' title='bbox 1233 3481 1330 3545; x_wconf 89' lang='lat' dir='ltr'><strong>inest.</strong></span> <span class='ocrx_word' id='word_1_290' title='bbox 1366 3478 1461 3543; x_wconf 90' lang='lat' dir='ltr'><strong>Idem</strong></span> <span class='ocrx_word' id='word_1_291' title='bbox 1479 3477 1675 3544; x_wconf 88' lang='lat' dir='ltr'><strong>observatur</strong></span> <span class='ocrx_word' id='word_1_292' title='bbox 1693 3479 1752 3559; x_wconf 90' lang='lat' dir='ltr'><strong>VI,</strong></span> <span class='ocrx_word' id='word_1_293' title='bbox 1775 3480 1834 3544; x_wconf 82' lang='lat'><strong>58:</strong></span> <span class='ocrx_word' id='word_1_294' title='bbox 1853 3482 1963 3542; x_wconf 86' lang='grc' dir='ltr'><strong><em>καίτοι</em></strong></span> 
     </span>
     <span class='ocr_line' id='line_1_26' title="bbox 270 3592 1963 3684; baseline -0.004 -19"><span class='ocrx_word' id='word_1_295' title='bbox 270 3603 343 3676; x_wconf 75' lang='grc' dir='ltr'><strong><em>παῖς</em></strong></span> <span class='ocrx_word' id='word_1_296' title='bbox 372 3600 411 3664; x_wconf 81' lang='grc' dir='ltr'><strong>οὐ</strong></span> <span class='ocrx_word' id='word_1_297' title='bbox 433 3601 558 3682; x_wconf 87' lang='grc' dir='ltr'><strong><em>δεινόν,</em></strong></span> <span class='ocrx_word' id='word_1_298' title='bbox 587 3592 615 3664; x_wconf 79' lang='lat' dir='ltr'><strong>ol</strong></span> <span class='ocrx_word' id='word_1_299' title='bbox 638 3598 771 3684; x_wconf 84' lang='grc' dir='ltr'><strong><em>ἄνδρες,</em></strong></span> <span class='ocrx_word' id='word_1_300' title='bbox 798 3605 884 3684; x_wconf 91' lang='grc' dir='ltr'><strong><em>πρὸς</em></strong></span> <span class='ocrx_word' id='word_1_301' title='bbox 906 3604 1001 3666; x_wconf 70' lang='grc' dir='ltr'><strong><em>θεοῖν</em></strong></span> <span class='ocrx_word' id='word_1_302' title='bbox 1034 3602 1234 3683; x_wconf 81' lang='grc' dir='ltr'><strong><em>Ὀλυμπίων,</em></strong></span> <span class='ocrx_word' id='word_1_303' title='bbox 1265 3599 1296 3663; x_wconf 87' lang='grc' dir='ltr'><strong>εί</strong></span> <span class='ocrx_word' id='word_1_304' title='bbox 1317 3601 1379 3681; x_wconf 82' lang='grc' dir='ltr'><strong>μὲν</strong></span> <span class='ocrx_word' id='word_1_305' title='bbox 1410 3598 1447 3662; x_wconf 83' lang='grc' dir='ltr'><strong>οἱ</strong></span> <span class='ocrx_word' id='word_1_306' title='bbox 1477 3598 1600 3675; x_wconf 65' lang='grc' dir='ltr'><strong><em>παῖδας</em></strong></span> <span class='ocrx_word' id='word_1_307' title='bbox 1631 3598 1697 3662; x_wconf 81' lang='grc' dir='ltr'><strong><em>ελσε</em></strong></span> <span class='ocrx_word' id='word_1_308' title='bbox 1729 3597 1872 3679; x_wconf 75' lang='grc' dir='ltr'><strong><em>γνήσιοι,</em></strong></span> <span class='ocrx_word' id='word_1_309' title='bbox 1903 3600 1963 3661; x_wconf 86' lang='grc' dir='ltr'><strong>τὸν</strong></span> 
     </span>
     <span class='ocr_line' id='line_1_27' title="bbox 270 3711 1963 3802; baseline -0.002 -19"><span class='ocrx_word' id='word_1_310' title='bbox 270 3719 455 3802; x_wconf 76' lang='grc' dir='ltr'><strong><em>ἐπίτροπον</em></strong></span> <span class='ocrx_word' id='word_1_311' title='bbox 484 3719 594 3800; x_wconf 77' lang='grc' dir='ltr'><strong><em>ἑαυτῷ</em></strong></span> <span class='ocrx_word' id='word_1_312' title='bbox 613 3722 788 3801; x_wconf 81' lang='grc' dir='ltr'><strong><em>λαγχάνειν</em></strong></span> <span class='ocrx_word' id='word_1_313' title='bbox 810 3723 870 3783; x_wconf 82' lang='grc' dir='ltr'><strong>τοῦ</strong></span> <span class='ocrx_word' id='word_1_314' title='bbox 898 3719 1111 3802; x_wconf 74' lang='grc' dir='ltr'><strong><em>Εὐκτήμονος</em></strong></span> <span class='ocrx_word' id='word_1_315' title='bbox 1133 3718 1258 3800; x_wconf 80' lang='grc' dir='ltr'><strong><em>κλήρου</em></strong></span> <span class='ocrx_word' id='word_1_316' title='bbox 1287 3723 1342 3782; x_wconf 88' lang='grc' dir='ltr'><strong><em>καί</em></strong></span> <span class='ocrx_word' id='word_1_317' title='bbox 1365 3719 1425 3798; x_wconf 77' lang='grc' dir='ltr'><strong>τῆς</strong></span> <span class='ocrx_word' id='word_1_318' title='bbox 1453 3721 1625 3800; x_wconf 70' lang='grc' dir='ltr'><strong><em>θυγατρὸς</em></strong></span> <span class='ocrx_word' id='word_1_319' title='bbox 1656 3715 1760 3781; x_wconf 80' lang='grc' dir='ltr'><strong><em>αὐτοῦ</em></strong></span> <span class='ocrx_word' id='word_1_320' title='bbox 1787 3716 1833 3792; x_wconf 82' lang='grc' dir='ltr'><strong>ὡς</strong></span> <span class='ocrx_word' id='word_1_321' title='bbox 1862 3711 1963 3797; x_wconf 79' lang='grc' dir='ltr'><strong><em>οὔσης</em></strong></span> 
     </span>
     <span class='ocr_line' id='line_1_28' title="bbox 269 3834 1963 3921; baseline -0.002 -20"><span class='ocrx_word' id='word_1_322' title='bbox 269 3837 437 3919; x_wconf 75' lang='grc' dir='ltr'><strong><em>ἐπιδίκου,</em></strong></span> <span class='ocrx_word' id='word_1_323' title='bbox 468 3837 499 3902; x_wconf 85' lang='grc' dir='ltr'><strong>εί</strong></span> <span class='ocrx_word' id='word_1_324' title='bbox 520 3839 559 3902; x_wconf 86' lang='grc' dir='ltr'><strong>δὲ</strong></span> <span class='ocrx_word' id='word_1_325' title='bbox 576 3839 623 3919; x_wconf 81' lang='grc' dir='ltr'><strong>μή</strong></span> <span class='ocrx_word' id='word_1_326' title='bbox 645 3839 713 3903; x_wconf 86' lang='grc' dir='ltr'><strong><em>εἰσι</em></strong></span> <span class='ocrx_word' id='word_1_327' title='bbox 734 3841 861 3920; x_wconf 80' lang='grc' dir='ltr'><strong><em>γνηοοι,</em></strong></span> <span class='ocrx_word' id='word_1_328' title='bbox 891 3841 946 3902; x_wconf 67' lang='grc' dir='ltr'><strong>νῦν</strong></span> <span class='ocrx_word' id='word_1_329' title='bbox 968 3839 1311 3921; x_wconf 82' lang='grc' dir='ltr'><strong><em>διαμεμαρτυρηκέναι</em></strong></span> <span class='ocrx_word' id='word_1_330' title='bbox 1340 3838 1387 3914; x_wconf 81' lang='grc' dir='ltr'><strong>ὡς</strong></span> <span class='ocrx_word' id='word_1_331' title='bbox 1413 3838 1480 3902; x_wconf 87' lang='grc' dir='ltr'><strong><em>εἰσί</em></strong></span> <span class='ocrx_word' id='word_1_332' title='bbox 1502 3839 1647 3919; x_wconf 75' lang='grc' dir='ltr'><strong><em>γνησιοις</em></strong></span> <span class='ocrx_word' id='word_1_333' title='bbox 1670 3839 1776 3901; x_wconf 83' lang='grc' dir='ltr'><strong><em>ταῦτα</em></strong></span> <span class='ocrx_word' id='word_1_334' title='bbox 1792 3837 1857 3918; x_wconf 87' lang='grc' dir='ltr'><strong>γὰρ</strong></span> <span class='ocrx_word' id='word_1_335' title='bbox 1880 3834 1963 3898; x_wconf 78' lang='grc' dir='ltr'><strong><em>αὐτὰ</em></strong></span> 
     </span>
     <span class='ocr_line' id='line_1_29' title="bbox 270 3952 1963 4043; baseline -0.001 -23"><span class='ocrx_word' id='word_1_336' title='bbox 270 3959 403 4033; x_wconf 77' lang='grc' dir='ltr'><strong><em>ἑαυτοῖς</em></strong></span> <span class='ocrx_word' id='word_1_337' title='bbox 420 3957 556 4020; x_wconf 77' lang='grc' dir='ltr'><strong><em>ἐναντία</em></strong></span> <span class='ocrx_word' id='word_1_338' title='bbox 570 3956 670 4022; x_wconf 74' lang='grc' dir='ltr'><strong><em>ἐστίν.</em></strong></span> <span class='ocrx_word' id='word_1_339' title='bbox 702 3957 801 4020; x_wconf 91' lang='lat' dir='ltr'><strong>Hune</strong></span> <span class='ocrx_word' id='word_1_340' title='bbox 815 3957 924 4023; x_wconf 92' lang='lat' dir='ltr'><strong>locum</strong></span> <span class='ocrx_word' id='word_1_341' title='bbox 941 3957 1194 4034; x_wconf 78' lang='lat' dir='ltr'><strong>Gebauerus**)</strong></span> <span class='ocrx_word' id='word_1_342' title='bbox 1207 3958 1240 4021; x_wconf 90' lang='lat' dir='ltr'><strong>in</strong></span> <span class='ocrx_word' id='word_1_343' title='bbox 1261 3956 1424 4043; x_wconf 85' lang='lat' dir='ltr'><strong>exemplis</strong></span> <span class='ocrx_word' id='word_1_344' title='bbox 1441 3955 1530 4021; x_wconf 89' lang='lat' dir='ltr'><strong>illius</strong></span> <span class='ocrx_word' id='word_1_345' title='bbox 1549 3952 1803 4040; x_wconf 88' lang='lat' dir='ltr'><strong>argumentandi</strong></span> <span class='ocrx_word' id='word_1_346' title='bbox 1817 3955 1963 4038; x_wconf 89' lang='lat' dir='ltr'><strong>generis,</strong></span> 
     </span>
     <span class='ocr_line' id='line_1_30' title="bbox 274 4074 1963 4164; baseline -0.002 -24"><span class='ocrx_word' id='word_1_347' title='bbox 274 4074 363 4162; x_wconf 92' lang='lat' dir='ltr'><strong>quod</strong></span> <span class='ocrx_word' id='word_1_348' title='bbox 382 4074 573 4162; x_wconf 88' lang='lat' dir='ltr'><strong>complexio</strong></span> <span class='ocrx_word' id='word_1_349' title='bbox 591 4087 740 4158; x_wconf 89' lang='lat' dir='ltr'><strong>vocatur,</strong></span> <span class='ocrx_word' id='word_1_350' title='bbox 759 4077 835 4162; x_wconf 90' lang='lat' dir='ltr'><strong>jure</strong></span> <span class='ocrx_word' id='word_1_351' title='bbox 854 4100 1017 4164; x_wconf 84' lang='lat' dir='ltr'><strong>reponere</strong></span> <span class='ocrx_word' id='word_1_352' title='bbox 1036 4075 1116 4141; x_wconf 89' lang='lat' dir='ltr'><strong>mihi</strong></span> <span class='ocrx_word' id='word_1_353' title='bbox 1134 4075 1277 4158; x_wconf 86' lang='lat' dir='ltr'><strong>videtur,</strong></span> <span class='ocrx_word' id='word_1_354' title='bbox 1301 4077 1334 4140; x_wconf 91' lang='lat' dir='ltr'><strong>in</strong></span> <span class='ocrx_word' id='word_1_355' title='bbox 1355 4098 1421 4162; x_wconf 86' lang='lat' dir='ltr'><strong>qua</strong></span> <span class='ocrx_word' id='word_1_356' title='bbox 1438 4074 1693 4160; x_wconf 85' lang='lat' dir='ltr'><strong>argumentandi</strong></span> <span class='ocrx_word' id='word_1_357' title='bbox 1715 4074 1823 4140; x_wconf 81' lang='lat' dir='ltr'><strong>forma</strong></span> <span class='ocrx_word' id='word_1_358' title='bbox 1841 4075 1872 4138; x_wconf 83' lang='grc' dir='ltr'><strong>εἰ</strong></span> <span class='ocrx_word' id='word_1_359' title='bbox 1890 4096 1963 4160; x_wconf 85' lang='lat' dir='ltr'><strong>par·</strong></span> 
     </span>
     <span class='ocr_line' id='line_1_31' title="bbox 273 4193 1443 4284; baseline -0.001 -24"><span class='ocrx_word' id='word_1_360' title='bbox 273 4195 409 4260; x_wconf 83' lang='lat' dir='ltr'><strong>ticulum</strong></span> <span class='ocrx_word' id='word_1_361' title='bbox 432 4196 500 4260; x_wconf 90' lang='lat' dir='ltr'><strong>vim</strong></span> <span class='ocrx_word' id='word_1_362' title='bbox 524 4193 786 4263; x_wconf 90' lang='lat' dir='ltr'><strong>condicionalem</strong></span> <span class='ocrx_word' id='word_1_363' title='bbox 810 4219 943 4284; x_wconf 88' lang='lat' dir='ltr'><strong>semper</strong></span> <span class='ocrx_word' id='word_1_364' title='bbox 964 4219 1097 4262; x_wconf 89' lang='lat' dir='ltr'><strong>servare</strong></span> <span class='ocrx_word' id='word_1_365' title='bbox 1119 4198 1171 4261; x_wconf 90' lang='lat' dir='ltr'><strong>vir</strong></span> <span class='ocrx_word' id='word_1_366' title='bbox 1194 4195 1311 4261; x_wconf 89' lang='lat' dir='ltr'><strong>doetus</strong></span> <span class='ocrx_word' id='word_1_367' title='bbox 1335 4193 1443 4260; x_wconf 88' lang='lat' dir='ltr'><strong>docet.</strong></span> 
     </span>
    </p>

    <p class='ocr_par' dir='ltr' id='par_1_5' title="bbox 273 4312 1963 4640">
     <span class='ocr_line' id='line_1_32' title="bbox 429 4312 1962 4403; baseline -0.003 -24"><span class='ocrx_word' id='word_1_368' title='bbox 429 4314 606 4402; x_wconf 86' lang='lat' dir='ltr'><strong>Exempla,</strong></span> <span class='ocrx_word' id='word_1_369' title='bbox 637 4338 722 4403; x_wconf 89' lang='lat' dir='ltr'><strong>quae</strong></span> <span class='ocrx_word' id='word_1_370' title='bbox 744 4315 854 4381; x_wconf 87' lang='lat' dir='ltr'><strong>adhuc</strong></span> <span class='ocrx_word' id='word_1_371' title='bbox 877 4313 983 4399; x_wconf 88' lang='lat' dir='ltr'><strong>attuli,</strong></span> <span class='ocrx_word' id='word_1_372' title='bbox 1016 4316 1064 4381; x_wconf 87' lang='lat' dir='ltr'><strong>ita</strong></span> <span class='ocrx_word' id='word_1_373' title='bbox 1085 4316 1225 4382; x_wconf 81' lang='lat' dir='ltr'><strong>formata</strong></span> <span class='ocrx_word' id='word_1_374' title='bbox 1247 4325 1334 4397; x_wconf 91' lang='lat' dir='ltr'><strong>sunt,</strong></span> <span class='ocrx_word' id='word_1_375' title='bbox 1363 4323 1401 4378; x_wconf 88' lang='lat' dir='ltr'><strong>ut</strong></span> <span class='ocrx_word' id='word_1_376' title='bbox 1422 4324 1456 4378; x_wconf 93' lang='lat' dir='ltr'><strong>et</strong></span> <span class='ocrx_word' id='word_1_377' title='bbox 1476 4315 1602 4401; x_wconf 85' lang='lat' dir='ltr'><strong>protasi</strong></span> <span class='ocrx_word' id='word_1_378' title='bbox 1626 4323 1660 4378; x_wconf 90' lang='lat' dir='ltr'><strong>et</strong></span> <span class='ocrx_word' id='word_1_379' title='bbox 1681 4312 1821 4400; x_wconf 83' lang='lat' dir='ltr'><strong>apodosi</strong></span> <span class='ocrx_word' id='word_1_380' title='bbox 1845 4333 1962 4399; x_wconf 91' lang='lat' dir='ltr'><strong>prae·</strong></span> 
     </span>
     <span class='ocr_line' id='line_1_33' title="bbox 273 4431 1963 4523; baseline -0.002 -23"><span class='ocrx_word' id='word_1_381' title='bbox 273 4435 411 4500; x_wconf 89' lang='lat' dir='ltr'><strong>sentis</strong></span> <span class='ocrx_word' id='word_1_382' title='bbox 433 4433 636 4500; x_wconf 83' lang='lat' dir='ltr'><strong>indicativus</strong></span> <span class='ocrx_word' id='word_1_383' title='bbox 658 4435 878 4519; x_wconf 86' lang='lat' dir='ltr'><strong>contineatur,</strong></span> <span class='ocrx_word' id='word_1_384' title='bbox 901 4457 989 4523; x_wconf 85' lang='lat' dir='ltr'><strong>qnae</strong></span> <span class='ocrx_word' id='word_1_385' title='bbox 1012 4433 1146 4499; x_wconf 88' lang='lat' dir='ltr'><strong>dicendi</strong></span> <span class='ocrx_word' id='word_1_386' title='bbox 1168 4434 1275 4499; x_wconf 83' lang='lat' dir='ltr'><strong>forma</strong></span> <span class='ocrx_word' id='word_1_387' title='bbox 1297 4432 1397 4520; x_wconf 87' lang='lat' dir='ltr'><strong>plana</strong></span> <span class='ocrx_word' id='word_1_388' title='bbox 1421 4442 1481 4498; x_wconf 89' lang='lat' dir='ltr'><strong>est.</strong></span> <span class='ocrx_word' id='word_1_389' title='bbox 1529 4431 1638 4500; x_wconf 88' lang='lat' dir='ltr'><strong>Semel</strong></span> <span class='ocrx_word' id='word_1_390' title='bbox 1658 4443 1767 4497; x_wconf 88' lang='lat' dir='ltr'><strong>autem</strong></span> <span class='ocrx_word' id='word_1_391' title='bbox 1786 4441 1963 4519; x_wconf 85' lang='lat' dir='ltr'><strong>praesente</strong></span> 
     </span>
     <span class='ocr_line' id='line_1_34' title="bbox 273 4550 1963 4640; baseline -0.003 -21"><span class='ocrx_word' id='word_1_392' title='bbox 273 4552 492 4620; x_wconf 87' lang='lat' dir='ltr'><strong>antecedente</strong></span> <span class='ocrx_word' id='word_1_393' title='bbox 523 4555 559 4618; x_wconf 90' lang='lat' dir='ltr'><strong>in</strong></span> <span class='ocrx_word' id='word_1_394' title='bbox 589 4552 730 4640; x_wconf 90' lang='lat' dir='ltr'><strong>apodosi</strong></span> <span class='ocrx_word' id='word_1_395' title='bbox 761 4553 964 4621; x_wconf 81' lang='lat' dir='ltr'><strong>indicativus</strong></span> <span class='ocrx_word' id='word_1_396' title='bbox 994 4553 1097 4620; x_wconf 81' lang='lat' dir='ltr'><strong>futuri</strong></span> <span class='ocrx_word' id='word_1_397' title='bbox 1127 4554 1294 4640; x_wconf 88' lang='lat' dir='ltr'><strong>reperitur</strong></span> <span class='ocrx_word' id='word_1_398' title='bbox 1316 4552 1380 4635; x_wconf 90' lang='grc' dir='ltr'><strong>ΠΙ,</strong></span> <span class='ocrx_word' id='word_1_399' title='bbox 1402 4554 1460 4617; x_wconf 86' lang='lat' dir='ltr'><strong>ll:</strong></span> <span class='ocrx_word' id='word_1_400' title='bbox 1491 4551 1522 4617; x_wconf 87' lang='grc' dir='ltr'><strong>εί</strong></span> <span class='ocrx_word' id='word_1_401' title='bbox 1552 4554 1594 4617; x_wconf 78' lang='grc' dir='ltr'><strong>δέ</strong></span> <span class='ocrx_word' id='word_1_402' title='bbox 1623 4572 1710 4617; x_wconf 88' lang='grc' dir='ltr'><strong><em>τισιν</em></strong></span> <span class='ocrx_word' id='word_1_403' title='bbox 1743 4551 1833 4636; x_wconf 74' lang='grc' dir='ltr'><strong><em>ὑμῶν</em></strong></span> <span class='ocrx_word' id='word_1_404' title='bbox 1863 4550 1963 4632; x_wconf 72' lang='grc' dir='ltr'><strong><em>ἀηδὲς</em></strong></span> 
     </span>
    </p>
   </div>
   <div class='ocr_carea' id='block_1_4' title="bbox 276 4757 1963 4997">
    <p class='ocr_par' dir='ltr' id='par_1_6' title="bbox 276 4757 1963 4997">
     <span class='ocr_line' id='line_1_35' title="bbox 426 4757 1496 4825; baseline 0 -16"><span class='ocrx_word' id='word_1_405' title='bbox 426 4757 454 4823; x_wconf 81' lang='grc'><strong>*)</strong></span> <span class='ocrx_word' id='word_1_406' title='bbox 473 4760 505 4809; x_wconf 92' lang='lat' dir='ltr'><strong>In</strong></span> <span class='ocrx_word' id='word_1_407' title='bbox 523 4759 590 4811; x_wconf 88' lang='lat' dir='ltr'><strong>locis</strong></span> <span class='ocrx_word' id='word_1_408' title='bbox 607 4758 748 4810; x_wconf 84' lang='lat' dir='ltr'><strong>laudandis</strong></span> <span class='ocrx_word' id='word_1_409' title='bbox 766 4759 884 4811; x_wconf 81' lang='lat' dir='ltr'><strong>Scheibii</strong></span> <span class='ocrx_word' id='word_1_410' title='bbox 902 4762 1048 4812; x_wconf 83' lang='lat' dir='ltr'><strong>editionem</strong></span> <span class='ocrx_word' id='word_1_411' title='bbox 1066 4760 1186 4825; x_wconf 84' lang='lat' dir='ltr'><strong>(Lipsiae</strong></span> <span class='ocrx_word' id='word_1_412' title='bbox 1205 4757 1284 4824; x_wconf 80' lang='lat'>1889)</span> <span class='ocrx_word' id='word_1_413' title='bbox 1303 4764 1412 4810; x_wconf 84' lang='lat' dir='ltr'><strong>secutus</strong></span> <span class='ocrx_word' id='word_1_414' title='bbox 1429 4775 1496 4809; x_wconf 89' lang='lat' dir='ltr'><strong>sum.</strong></span> 
     </span>
     <span class='ocr_line' id='line_1_36' title="bbox 428 4841 1963 4912; baseline -0.003 -17"><span class='ocrx_word' id='word_1_415' title='bbox 428 4842 470 4907; x_wconf 72' lang='grc'><strong>**)</strong></span> <span class='ocrx_word' id='word_1_416' title='bbox 489 4845 522 4895; x_wconf 87' lang='lat' dir='ltr'><strong>de</strong></span> <span class='ocrx_word' id='word_1_417' title='bbox 539 4844 719 4910; x_wconf 80' lang='lat' dir='ltr'><strong>hypotacticia</strong></span> <span class='ocrx_word' id='word_1_418' title='bbox 737 4850 766 4895; x_wconf 80' lang='lat' dir='ltr'><strong>et</strong></span> <span class='ocrx_word' id='word_1_419' title='bbox 781 4847 954 4910; x_wconf 83' lang='lat' dir='ltr'><strong>parataeticia</strong></span> <span class='ocrx_word' id='word_1_420' title='bbox 972 4846 1122 4912; x_wconf 80' lang='lat' dir='ltr'><strong>argumenti</strong></span> <span class='ocrx_word' id='word_1_421' title='bbox 1139 4860 1173 4896; x_wconf 86' lang='lat' dir='ltr'><strong>ex</strong></span> <span class='ocrx_word' id='word_1_422' title='bbox 1196 4846 1330 4896; x_wconf 87' lang='lat' dir='ltr'><strong>contrario</strong></span> <span class='ocrx_word' id='word_1_423' title='bbox 1347 4844 1448 4905; x_wconf 77' lang='lat' dir='ltr'><strong>formis,</strong></span> <span class='ocrx_word' id='word_1_424' title='bbox 1472 4859 1541 4910; x_wconf 87' lang='lat' dir='ltr'><strong>quae</strong></span> <span class='ocrx_word' id='word_1_425' title='bbox 1568 4844 1739 4909; x_wconf 83' lang='lat' dir='ltr'><strong>reperiuntur</strong></span> <span class='ocrx_word' id='word_1_426' title='bbox 1755 4841 1826 4908; x_wconf 87' lang='lat' dir='ltr'><strong>apud</strong></span> <span class='ocrx_word' id='word_1_427' title='bbox 1845 4846 1963 4892; x_wconf 85' lang='lat' dir='ltr'><strong>oratores</strong></span> 
     </span>
     <span class='ocr_line' id='line_1_37' title="bbox 276 4926 836 4997; baseline 0.002 -17"><span class='ocrx_word' id='word_1_428' title='bbox 276 4930 384 4981; x_wconf 85' lang='lat' dir='ltr'><strong>atticos.</strong></span> <span class='ocrx_word' id='word_1_429' title='bbox 420 4930 586 4990; x_wconf 61' lang='lat' dir='ltr'><strong>Zviccaviaa</strong></span> <span class='ocrx_word' id='word_1_430' title='bbox 605 4926 681 4988; x_wconf 74' lang='lat'><strong>187⁷,</strong></span> <span class='ocrx_word' id='word_1_431' title='bbox 698 4945 758 4997; x_wconf 84' lang='lat' dir='ltr'><strong>pag.</strong></span> <span class='ocrx_word' id='word_1_432' title='bbox 776 4928 836 4982; x_wconf 75' lang='lat'><strong>365.</strong></span> 
     </span>
    </p>
   </div>
   <div class='ocr_carea' id='block_1_5' title="bbox 0 0 2147 5572">
    <p class='ocr_par' dir='ltr' id='par_1_7' title="bbox 0 0 2147 5572">
     <span class='ocr_line' id='line_1_38' title="bbox 0 0 2147 5572; baseline 0 0"><span class='ocrx_word' id='word_1_433' title='bbox 0 0 2147 5572; x_wconf 95' lang='lat' dir='ltr'><strong> </strong></span> 
     </span>
    </p>
   </div>
  </div>
 </body>
</html>
