4284 5572
223 422 268 491 18

221 619 324 704 steht,
354 619 447 684 neiat
477 641 512 684 es
543 616 602 683 aui
629 619 726 682 einen
751 615 932 694 (cntneder
954 614 1104 681 wirlrlicb
1128 614 1396 701 ausgedritclrten
1424 614 1506 682 oder
1529 639 1568 680 zu
1593 613 1839 700 erganzendent
1861 611 1918 679 be·

223 739 413 826 dingenden
440 738 640 819 Gadanken,
664 738 720 800 aul
744 738 818 799 eine
842 735 1043 821 Bedingung
1065 734 1134 800 hilr.
1181 737 1256 818 Quo
1280 736 1327 818 fit,
1351 746 1387 801 ut
1409 734 1450 800 dv
1469 735 1631 823 particula
1651 735 1763 800 addita
1779 743 1918 799 eventus

222 862 269 926 rei
295 860 472 925 conclusae
496 861 642 922 incertus
666 857 884 941 significetur,
910 856 966 920 ubi
990 855 1030 921 civ
1054 855 1217 943 particula
1233 869 1283 921 est
1301 858 1433 936 omissa,
1459 867 1568 921 certus
1584 866 1723 920 eventus
1739 853 1917 920 indicetur.

224 979 307 1046 Cum
338 991 446 1044 autem
479 978 520 1042 de
554 1000 662 1042 rerum
687 978 939 1063 praeteritarum
963 989 1095 1059 eventu,
1121 978 1249 1041 etiamsi
1273 975 1428 1042 condicio
1451 975 1587 1063 impleta
1609 985 1707 1058 esset,
1732 973 1813 1039 nihil
1837 975 1919 1039 certi

222 1101 308 1165 scire
329 1100 505 1186 possimus,
525 1096 721 1184 plerumque
741 1098 773 1160 in
791 1094 954 1181 ejusmodi
975 1097 1154 1161 enuntiatis
1173 1094 1330 1183 epodosis
1350 1095 1454 1161 verbo
1471 1094 1512 1160 ἄν
1529 1094 1692 1184 particula
1710 1091 1914 1182 adjungitur,

224 1222 267 1286 ct'.
294 1219 565 1295 Gentschium*).
607 1216 772 1298 Quoniam
797 1214 894 1302 hujus
918 1239 996 1281 usus
1020 1214 1241 1280 differentiam
1261 1215 1404 1282 editores
1422 1240 1488 1281 non
1508 1239 1639 1302 semper
1658 1213 1919 1302 perspiciebant,

224 1338 314 1405 haud
344 1340 461 1426 paucis
490 1335 573 1401 locis
597 1336 749 1401 codicum
774 1336 972 1421 scripturam
997 1335 1119 1422 injuria
1137 1346 1367 1418 mutaverunt,
1400 1348 1606 1422 quapropter
1627 1334 1856 1413 Roederus**)
1879 1357 1919 1398 ea

226 1457 330 1524 libelli
354 1470 460 1545 parte,
486 1480 572 1543 quae
595 1455 803 1520 inscribitur:
828 1454 941 1520 Ueber
964 1455 1027 1520 den
1053 1455 1231 1521 Gebrauch
1257 1455 1315 1522 des
1338 1457 1554 1521 Prltteritums
1578 1454 1663 1520 ohne
1684 1451 1727 1518 ἄν
1742 1453 1798 1519 bei
1815 1454 1920 1520 Isaios

226 1582 258 1642 in
282 1576 478 1662 Beziehung
503 1577 564 1641 auf
583 1575 647 1639 den
674 1574 809 1654 „modus
832 1575 994 1658 irrealis“,
1026 1575 1252 1664 compluribus
1272 1576 1357 1640 lsaei
1381 1576 1464 1642 locis
1494 1599 1616 1640 merum
1638 1575 1852 1661 praeteritum
1872 1597 1923 1638 se·

227 1696 371 1762 cundum
404 1695 557 1761 codicum
584 1696 813 1760 auctoritatem
846 1693 1026 1761 defendere
1059 1695 1196 1762 studuit.
1246 1697 1364 1784 Itaque
1397 1719 1517 1782 operae
1549 1695 1691 1783 pretium
1715 1706 1766 1759 est
1788 1694 1841 1759 bic
1865 1691 1923 1759 ob·

227 1839 378 1898 servare,
413 1839 478 1903 quo
509 1817 585 1902 jure
613 1814 676 1880 hoc
703 1838 724 1879 a
744 1813 898 1881 Roedero
922 1815 1044 1881 factum
1070 1819 1122 1881 sit.
1169 1816 1298 1881 Primus
1322 1816 1426 1899 locus,
1451 1839 1547 1902 quem
1572 1814 1745 1880 Roederus
1768 1812 1810 1878 ad
1834 1813 1921 1879 hunc

227 1958 321 2002 usum
344 1935 463 2017 attulit,
498 1934 522 2012 l,
546 1935 674 1998 44-46
697 1935 893 1999 continetur.
949 1936 988 1999 In
1010 1935 1138 2000 verbis:
1163 1937 1314 2017 ποτέρων
1341 1936 1468 2012 ἐκεῖνος
1491 1937 1636 2017 ἐγίγνετο
1659 1937 1867 2017 κληρονόμος
1891 1944 1924 1998 et

227 2055 285 2120 ούκ
306 2056 435 2131 ἐκεῖνος
456 2056 603 2136 ἐγίγνετο
633 2057 745 2135 κύριος
775 2057 840 2118 τών
862 2059 1157 2140 καταλειφθέντων
1181 2068 1214 2118 et
1237 2058 1435 2137 Κλεώνυμος
1457 2057 1613 2120 ἁπάντων
1634 2054 1783 2135 ε’γὶγνετο
1806 2055 1923 2137 κληρο-

227 2178 330 2256 νόμος
354 2185 387 2237 et
407 2179 464 2238 καὶ
487 2172 578 2256 ἠμεΐς
601 2170 726 2238 ούύένα
749 2171 850 2237 ἄλλοι·
874 2172 1062 2256 ἠξιώσαμεν
1084 2176 1204 2254 ταύτης
1226 2178 1284 2252 τῆς
1307 2174 1438 2258 δωρεᾶς
1462 2173 1625 2261 particula
1640 2171 1681 2237 dv
1700 2175 1805 2237 careri
1826 2195 1924 2259 posse

229 2295 308 2358 satis
332 2295 510 2380 perspicue
535 2291 775 2357 demonstravit
792 2314 900 2378 neque
920 2292 1064 2358 editores
1084 2304 1215 2379 practer
1234 2293 1437 2377 Belrkerum,
1462 2294 1519 2380 qui
1542 2292 1732 2376 ἠξιώσαμεν
1754 2290 1858 2356 verbo
1882 2290 1925 2355 ἄν

229 2412 425 2500 particulam
458 2410 605 2493 addidit,
636 2411 789 2476 codicum
822 2413 1019 2498 scripturam
1051 2421 1272 2477 mutaverunt.
1323 2409 1470 2477 Verbum
1500 2422 1609 2477 autem
1641 2410 1829 2496 ἠξιώσαμεν
1852 2435 1925 2499 par·

216 2532 332 2598 ¹ticula
355 2528 396 2595 ἅν
420 2552 534 2595 carere
558 2553 625 2595 non
647 2552 746 2616 posse
771 2529 1032 2614 Schoemannus,
1058 2553 1256 2619 quamquam
1280 2554 1346 2598 non
1370 2531 1552 2614 contendit,
1576 2542 1685 2597 tamen
1712 2529 1753 2595 ἄν
1772 2532 1925 2598 voculam

230 2664 306 2717 ante
329 2650 466 2715 verbum
490 2649 733 2734 ἐνεχειρίσαμεν
755 2649 864 2715 alieno
887 2651 961 2716 loco
985 2652 1159 2738 irrepsisse
1182 2661 1283 2735 ratus,
1307 2653 1340 2717 in
1357 2653 1453 2718 initio
1469 2650 1599 2739 periodi
1619 2652 1658 2717 ού
1674 2652 1736 2736 γὰρ
1753 2648 1794 2715 dv
1814 2649 1925 2733 ύήποο

231 2773 356 2859 protasi
379 2771 481 2835 inseri
505 2781 630 2835 censet.
676 2768 857 2856 Utramque
882 2772 1096 2836 mutationem
1120 2794 1193 2837 esse
1216 2771 1444 2855 rejiciendam,
1473 2770 1608 2835 alteram
1633 2770 1723 2857 quod
1747 2794 1814 2836 non
1837 2782 1927 2836 esset

231 2893 439 2972 necessaria,
475 2889 610 2954 alteram
650 2889 739 2976 quod
774 2899 860 2955 esset
890 2889 993 2972 falsa,
1030 2889 1202 2956 Roederus
1235 2904 1390 2955 accurate
1423 2890 1596 2972 disseruit,
1636 2901 1672 2954 ut
1703 2891 1775 2976 ejus
1806 2913 1925 2955 causas

230 3011 295 3077 boc
326 3010 400 3076 loco
430 3021 581 3097 repetere
610 3032 891 3096 supervacaneum
915 3032 988 3075 esse
1011 3008 1091 3074 rnibi
1114 3009 1278 3075 rideatur.
1324 3012 1440 3097 Neque
1463 3008 1634 3091 habemus,
1665 3010 1870 3092 eur111‚39
1893 3021 1927 3076 et

231 3132 273 3214 V,
284 3132 327 3196 44
355 3153 375 3194 a
398 3131 565 3216 scriptura
593 3127 767 3194 codicibus
790 3138 921 3194 servata
943 3128 1151 3194 recedamus.
1197 3129 1346 3194 Difficile
1370 3141 1480 3195 autern
1504 3142 1555 3194 est
1577 3129 1762 3218 dijudicare
1782 3130 1823 3195 de
1839 3129 1925 3213 loco,

232 3253 288 3339 qui
312 3250 427 3331 111,45
451 3259 567 3331 exstat,
592 3247 649 3313 ubi
673 3247 756 3314 haec
779 3259 873 3314 sunt:
897 3248 1013 3330 ἐπειδη
1035 3251 1072 3314 δὲ
1095 3253 1145 3332 τῷ
1167 3248 1326 3320 Ξενοκλεῖ
1346 3249 1449 3333 ἠγγύα
1472 3245 1648 3327 ὁἜνύιος
1666 3251 1724 3332 τήν
1743 3249 1925 3339 ἀδελφιδῆν

230 3393 305 3453 σου,
327 3368 530 3453 ἐπέτρεψας,
554 3359 581 3433 ol
605 3369 784 3451 Νικόδημε,
809 3370 866 3451 τήν
888 3369 925 3432 ἐκ
948 3370 1008 3448 τῆς
1029 3370 1188 3451 ἐγγυητῆς
1210 3371 1260 3453 τῷ
1283 3373 1405 3454 Πύρρῳ
1428 3371 1640 3452 γεγενημένην
1663 3371 1710 3446 ώς
1730 3371 1768 3448 ἐξ
1790 3370 1927 3454 ἑταίρας

232 3490 345 3571 ἐκείνῳ
368 3480 473 3554 οὖσαν
496 3489 703 3570 ἑγγνᾶσύαις
740 3488 990 3555 Schoemannus
1024 3501 1057 3552 ct
1086 3489 1286 3553 Turicenses
1317 3486 1471 3552 Aldinam
1502 3490 1607 3554 secuti
1626 3497 1715 3575 'post
1736 3488 1926 3572 ἐπέτρεψας

232 3608 371 3675 verbum
400 3607 441 3673 ἅν
470 3618 687 3695 receperunt,
719 3629 792 3672 cum
822 3606 993 3673 Roederus
1016 3607 1198 3672 secundum
1223 3608 1420 3693 optimorum
1446 3606 1599 3673 codicum
1630 3596 1860 3673 anctoritatem
1884 3605 1927 3671 ἄν

233 3729 337 3794 deleri
360 3729 470 3794 vellet.
516 3728 747 3792 Buermannus
770 3737 878 3792 autem
901 3729 935 3792 in
960 3726 1105 3792 editione
1129 3749 1168 3792 eo
1192 3725 1356 3814 procedit,
1380 3738 1417 3793 ut
1438 3750 1503 3794 non
1520 3726 1696 3793 solum'hic
1716 3723 1758 3792 ἄν
1774 3725 1926 3792 voculam

233 3851 378 3930 omittat,
410 3847 469 3914 sed
501 3848 598 3911 etiam
628 3849 661 3911 in
692 3848 862 3912 enuntiato
895 3847 984 3935 quod
1008 3849 1157 3934 sequitur
1180 3845 1328 3934 ejusdem
1354 3847 1483 3934 periodi
1502 3843 1543 3912 ἄν
1568 3847 1671 3912 deleri
1694 3846 1785 3911 relit.
1819 3840 1926 3928 'Quid

232 3969 316 4035 nos?
361 3968 571 4055 Quamquam
602 3966 755 4032 Roedero
787 3977 820 4031 et
848 3968 1058 4034 Buermanno
1087 3966 1255 4050 concedo,
1288 3978 1430 4055 utroque
1459 3966 1533 4032 loco
1566 3966 1607 4031 ἄν
1631 3965 1795 4054 particula
1818 3966 1925 4032 careri

233 4112 343 4177 posse,
368 4099 478 4153 tamen
502 4088 654 4172 vestigiis
678 4086 832 4152 codicum
848 4087 1050 4152 Turicenses
1073 4098 1106 4152 et
1121 4087 1388 4155 Schoemannnm
1407 4109 1520 4151 veram
1540 4082 1738 4173 scripturam
1758 4087 1927 4152 invenisse

232 4210 374 4275 indicari
397 4207 477 4272 mibi
500 4206 641 4271 videtur.
685 4207 768 4271 Nam
793 4229 867 4271 curn
891 4209 1058 4294 posterior
1079 4207 1228 4293 ejusdcm
1252 4205 1382 4294 periodi
1407 4228 1483 4294 pars
1505 4211 1560 4271 καὶ
1583 4205 1643 4270 oda
1661 4205 1703 4269 dv
1721 4205 1928 4287 εἰσήγγελλες

233 4327 429 4418 particulam
460 4325 502 4393 ἅν
531 4328 715 4392 servaverit
744 4337 842 4413 atque
866 4322 907 4390 ἅν
930 4349 996 4391 non
1021 4336 1086 4391 tam
1109 4326 1208 4392 facile
1231 4326 1313 4391 falso
1337 4325 1416 4391 addi
1440 4349 1537 4413 quarn
1562 4347 1674 4391 errore
1698 4325 1805 4391 omitti
1828 4347 1927 4412 posse

232 4459 410 4537 appareat,
441 4449 474 4511 in
507 4449 673 4535 scriptura
695 4445 837 4510 Aldinae
869 4469 981 4512 reram
1005 4445 1181 4513 lectionem
1206 4469 1279 4511 esse
1302 4446 1382 4511 mibi
1405 4446 1538 4511 ridetur
1560 4444 1751 4511 verisimile.
1797 4444 1927 4509 Pariter

231 4571 266 4633 in
289 4569 353 4653 111,
372 4568 414 4633 75
436 4565 592 4632 Aldinam
622 4588 703 4630 vcra
724 4564 902 4633 tradidisse
926 4564 1172 4651 contenderim,
1206 4564 1295 4652 quod
1319 4562 1361 4630 ἄν
1383 4563 1548 4653 particula
1568 4573 1706 4651 recepta
1728 4565 1925 4629 sententiam

232 4688 329 4775 hujus
351 4686 509 4774 apodosis
532 4709 552 4751 a
575 4685 785 4768 condicione,
811 4709 896 4772 quae
919 4687 955 4752 in
977 4683 1089 4751 verbis
1112 4684 1148 4748 ἐκ
1170 4688 1229 4768 μὲν
1251 4687 1313 4750 τού
1326 4685 1384 4765 τήν
1403 4686 1574 4768 θυγατέρα
1590 4684 1639 4760 εἰς
1653 4688 1731 4757 τοὺς
1750 4685 1927 4768 φράτορας

269 4809 491 4821 --————-

385 4859 445 4923 *)1.
466 4876 489 4910 c.
507 4876 567 4926 pag.
585 4857 637 4908 260
656 4861 671 4921 ἓ
689 4857 713 4908 8.

387 4942 429 5010 “l
447 4945 464 4995 ¹·
483 4962 505 4996 0·
524 4960 584 5012 rats·
604 4943 638 4995 2⁷
656 4962 714 5010 aaa·
