4284 5572
389 2154 490 2262 Isaei
506 2195 673 2260 orationes
693 2192 882 2280 legentibus
900 2194 964 2261 boc
983 2218 1115 2282 semper
1130 2198 1193 2262 erit
1209 2196 1399 2279 dolendum,
1421 2195 1511 2283 quod
1531 2195 1665 2261 codices
1681 2217 1781 2259 manu
1797 2193 1913 2281 scripti

220 2333 329 2397 neque
344 2313 437 2378 multi
454 2336 563 2400 neque
579 2312 659 2379 boni
676 2314 786 2379 traditi
804 2325 890 2394 sunt,
908 2337 974 2401 quo
991 2315 1038 2398 fit,
1055 2325 1092 2380 ut
1109 2338 1189 2379 vera
1200 2315 1321 2381 afalsis
1338 2315 1523 2402 dijudicare
1541 2326 1574 2380 et
1591 2315 1796 2399 distinguere
1813 2336 1914 2399 saepe

221 2433 264 2495 sit
282 2431 525 2498 difficillimum.
565 2434 682 2520 Itaque
702 2444 838 2500 nonest
859 2436 989 2516 mirum,
1015 2434 1105 2521 quod
1128 2435 1214 2499 isaei
1234 2434 1378 2500 editores
1402 2437 1681 2522 interpretesque,
1705 2436 1763 2519 qui
1780 2432 1913 2497 dicendi

220 2572 298 2615 usus
318 2553 361 2616 sit
373 2552 460 2617 Isaei
479 2554 635 2638 proprius
655 2536 941 2639 quoquedifferat
958 2551 999 2617 ab
1020 2552 1095 2618 aliia
1114 2552 1343 2640 scriptoribus,
1368 2556 1508 2619 interae
1527 2553 1626 2638 longe
1646 2552 1856 2634 dissentiunt,
1881 2560 1915 2616 et

219 2670 404 2756 periculum
428 2681 489 2754 est,
518 2693 559 2735 ne
583 2670 639 2735 alii
663 2673 827 2757 suspectis
851 2672 1005 2738 codicum
1028 2674 1201 2758 scripturis
1224 2675 1294 2737 nixi
1313 2676 1472 2739 rariorem
1496 2671 1754 2758 liberioremque
1779 2670 1914 2735 dicendi

220 2810 315 2854 usum
339 2792 372 2854 in
390 2791 479 2855 lsaei
508 2793 674 2855 orationes
698 2791 852 2874 inierant,
876 2791 933 2856 alii
955 2792 1044 2857 lsaci
1068 2791 1201 2856 dicendi
1224 2815 1329 2877 genus
1353 2790 1601 2878 angustioribus
1629 2790 1752 2856 finibus
1775 2792 1915 2854 circum·

221 2907 379 2974 scribant.
418 2910 513 2992 Quae
532 2933 606 2974 cum
619 2911 673 2974 ¹ita
690 2912 766 2992 sint,
792 2932 833 2973 ne
857 2909 899 2975 ad
922 2912 1092 2976 enuntiata
1113 2911 1202 2998 apud
1219 2913 1347 2977 isaeum
1365 2912 1565 2977 secundaria
1579 2913 1724 2976 animum
1741 2909 1914 2975 attendens

221 3051 354 3113 operam
379 3029 528 3116 perdam,
552 3052 618 3094 non
640 3051 769 3112 vereor,
789 3037 865 3093 nam
890 3031 951 3094 nisi
976 3052 1054 3096 usus
1074 3041 1107 3095 et
1133 3031 1338 3096 cousuetudo
1359 3031 1493 3096 dicendi
1512 3033 1591 3097 satis
1610 3041 1708 3095 erunt
1725 3038 1913 3116 perspecta,

220 3159 346 3213 certum
369 3151 449 3214 artis
473 3149 610 3213 criticae
634 3148 883 3212 fundamentum
907 3172 973 3214 non
997 3151 1061 3214 erit
1083 3160 1193 3237 atque,
1225 3149 1260 3214 id
1283 3149 1372 3237 quod
1397 3173 1463 3216 non
1495 3160 1545 3215 est
1576 3151 1713 3215 minoris
1743 3150 1913 3231 momenti,

221 3289 287 3351 quo
305 3266 449 3354 plurium
473 3270 671 3354 scriptorum
695 3266 864 3332 scribendi
887 3290 940 3332 ars
965 3268 1143 3354 explanata
1165 3271 1238 3353 erit,
1263 3292 1302 3334 eo
1327 3271 1434 3354 magis
1457 3270 1634 3356 perspicue
1654 3269 1915 3354 uniuscujusque

220 3387 338 3451 aetatis
354 3386 489 3471 linguae
501 3387 651 3452 Graecae
668 3386 846 3472 singularis
862 3397 980 3451 natura
994 3399 1227 3472 cognoscetur.
1255 3388 1321 3454 Sed
1338 3410 1379 3453 ne
1395 3388 1575 3475 disputatio
1592 3386 1723 3472 longius
1741 3386 1914 3473 procedat,

221 3506 466 3571 enuntiatorum
486 3506 754 3572 secundariorum
779 3528 866 3571 nunc
886 3516 1012 3570 tantum
1032 3506 1279 3572 condicionalis
1302 3517 1335 3571 et
1356 3506 1469 3572 finalia
1490 3504 1653 3589 tractabo,
1679 3528 1763 3593 quae
1787 3505 1917 3591 reliqua

221 3634 308 3704 sunt,
334 3624 374 3690 de
397 3626 439 3690 iis
463 3627 521 3690 σὺν
547 3626 623 3708 Θεῷ
645 3647 724 3691 mox
747 3625 920 3690 disseram.

374 3744 518 3810 Primum
531 3746 634 3830 igitur
650 3743 691 3809 de
707 3743 994 3811 condicionalibus
1012 3746 1191 3811 enuntiatis
1207 3745 1385 3810 dicendum
1403 3747 1477 3811 erit.
1514 3745 1624 3830 Atque
1646 3767 1718 3808 cum
1736 3743 1919 3830 amplector

221 3864 343 3947 animo,
368 3865 474 3928 omnis
498 3862 539 3927 de
563 3861 850 3929 condicionalibus
873 3865 1053 3929 enuntiatis
1070 3863 1195 3950 duplex
1214 3875 1264 3930 est
1281 3866 1444 3951 quaestio.
1484 3864 1593 3929 Unum
1618 3885 1723 3949 genus
1742 3874 1802 3943 est,
1827 3862 1916 3949 quod

221 3983 364 4070 pertinet
386 3982 429 4047 ad
453 4005 493 4047 ea
511 3985 693 4065 enuntiata,
718 4004 802 4069 quae
827 3980 868 4047 ab
885 3983 915 4048 εἰ
932 3991 966 4047 et
980 3983 1035 4046 ἐάν
1059 3983 1232 4069 particulis
1255 3985 1431 4070 incipiunt,
1456 3983 1595 4047 alterum
1615 3980 1657 4046 ab
1678 3983 1718 4045 iis
1737 3983 1916 4048 enuntiatis

221 4103 356 4189 petitur,
374 4124 513 4188 quorum
531 4100 680 4166 membra
694 4112 772 4168 sunt
786 4100 993 4188 imperfecta.
1034 4102 1224 4187 Superioris
1242 4113 1350 4166 autem
1367 4104 1500 4187 generis
1517 4102 1688 4166 enuntiata
1707 4103 1918 4186 grammatici

139 4244 142 4250 ·
222 4222 269 4285 ita
293 4220 457 4303 dividunt,
477 4232 515 4285 ut
530 4230 685 4307 quattuor
703 4243 776 4286 esse
794 4220 916 4286 formas
934 4220 1086 4304 doceant,
1107 4244 1246 4307 quarum
1265 4223 1371 4307 prima
1387 4222 1417 4285 εἰ
1433 4220 1597 4308 particula
1623 4243 1697 4284 cum
1722 4218 1916 4303 indicativo,

223 4339 326 4404 altera
347 4339 378 4403 εἰ
396 4339 560 4425 particula
576 4362 649 4404 cum
673 4341 830 4426 optativo,
854 4341 952 4403 tertia
971 4340 1025 4405 ἐάν
1045 4340 1209 4427 particula
1231 4362 1305 4403 cum
1332 4340 1545 4426 conjunctivo
1566 4340 1743 4424 conjuncta
1761 4338 1916 4420 efficitur,

224 4466 342 4545 quarta
371 4460 405 4523 in
437 4460 562 4545 protasi
586 4459 617 4523 el
640 4457 834 4545 particulam
867 4481 940 4523 cum
974 4460 1153 4546 praeterito
1178 4461 1348 4541 sociatam,
1377 4459 1412 4523 in
1437 4457 1577 4545 apodosi
1601 4458 1816 4544 praeteritum
1841 4479 1914 4521 cum

224 4575 266 4642 ἄν
285 4576 405 4644 vecula
423 4578 637 4663 conjunctum
661 4576 808 4643 exhibet.
845 4576 943 4641 Hanc
967 4576 1165 4643 divisionem
1189 4601 1255 4644 non
1277 4600 1351 4644 csse
1375 4586 1576 4659 accuratam,
1600 4598 1675 4640 cum
1699 4585 1817 4662 quarta
1840 4598 1917 4663 pars

223 4720 290 4763 non
312 4698 356 4763 sit
377 4696 585 4784 sejungenda
607 4718 627 4762 a
649 4698 766 4784 prima,
790 4696 877 4761 infra
905 4694 1105 4762 videbimus.
1150 4701 1267 4783 Itaque
1298 4718 1397 4784 quam
1428 4695 1635 4782 grammatici
1666 4693 1917 4782 quadruplicem

224 4839 298 4920 esse
319 4817 482 4882 rationem
506 4816 693 4899 voluerunt,
717 4817 752 4880 in
771 4825 838 4882 tres
856 4824 968 4902 partes
987 4815 1142 4882 distribui
1163 4826 1316 4904 oportere
1332 4817 1531 4904 putaverim.
1561 4815 1609 4880 Re
1626 4816 1674 4878 ita
1687 4815 1860 4901 proposita
1875 4813 1919 4880 ad

223 4936 398 5002 tractanda
420 4936 552 5022 singula
574 4939 819 5003 enuntiatorum
841 4957 968 5021 genera
990 4935 1200 5001 accedamus.

1718 5054 1746 5104 1*
