4284 5572
299 436 346 511 10

297 638 518 703 indicativum
542 638 644 703 futuri
662 640 804 725 primum
823 639 864 703 de
887 641 928 705 iis
951 641 1030 726 poni
1055 663 1139 726 quae
1158 636 1269 705 futura
1287 663 1360 706 csse
1374 641 1443 727 jam
1462 662 1550 706 nunc
1570 650 1709 725 constet,
1741 635 1862 707 deinde
1882 641 1994 727 detis,

300 757 480 845 inquibus
513 780 580 823 nou
612 759 724 824 futura
754 781 863 823 rerum
895 758 1049 826 condicio
1079 762 1289 846 respiciatur,
1319 760 1379 826 sed
1407 761 1631 847 perficiendae
1660 763 1802 827 actionis
1830 761 1993 846 voluntas,

296 901 381 965 quae
401 877 495 942 alteri
509 879 580 964 jem
598 900 688 942 nunc
706 880 760 961 sit,
785 877 894 962 docet,
914 879 1031 944 falsam
1051 901 1124 945 esse
1136 882 1208 965 jam
1229 879 1471 958 Gentschius*)
1490 883 1628 947 monuit.
1663 881 1738 947 Hoc
1754 881 1889 968 quidem
1917 882 1991 949 loco

295 1009 406 1065 orator
432 998 597 1062 actionem
620 999 765 1085 protasis
788 1008 979 1064 eventuram
1003 1021 1076 1064 esse
1099 1022 1166 1065 non
1188 1011 1312 1087 sperat.

455 1117 533 1182 Alia
555 1118 639 1183 ratio
664 1126 725 1201 est,
756 1120 887 1182 cumin
912 1117 1051 1204 apodosi
1076 1128 1127 1183 est
1148 1121 1316 1206 optativus
1344 1142 1417 1185 cum
1449 1117 1677 1206 particulatio
1699 1122 1906 1205 conjunctus,
1937 1125 1994 1208 qui

294 1237 460 1326 judicium
483 1236 664 1302 modestius
683 1237 820 1323 profert.
858 1236 961 1324 Cujus
984 1239 1117 1323 generis
1141 1249 1191 1304 cst
1212 1239 1409 1327 exemplum,
1434 1239 1523 1326 quod
1546 1240 1712 1327 reperitur
1733 1240 1779 1322 II,
1795 1241 1854 1304 43:
1878 1241 1992 1322 ἐπειδὴ

293 1360 332 1423 δὲ
354 1358 482 1433 ἐκεῖνος
505 1355 725 1439 ἐτελεύτησεν,
755 1358 786 1422 εἰ
813 1359 983 1440 προδώσω
1010 1362 1067 1422 καὶ
1089 1357 1302 1442 ἐξερημώσας
1330 1359 1433 1424 αὐτοῦ
1460 1363 1521 1423 τὸν
1544 1350 1637 1424 οἷκον
1660 1360 1768 1423 άπιὼν
1799 1358 1993 1441 οἰχήσομαι,

293 1481 366 1553 πῶς
389 1477 448 1541 οὐκ
471 1475 514 1539 ds·
536 1478 648 1541 δεινὸν
671 1481 711 1540 τό
733 1480 874 1560 πρᾶγμα
897 1468 985 1542 εἶναι
1007 1482 1063 1541 καὶ
1085 1480 1335 1558 καταγέλαστον
1353 1479 1483 1560 δοκοίη,
1505 1482 1561 1542 καὶ
1585 1484 1658 1554 τοῖς
1676 1480 1896 1560 βουλομένοις
1914 1483 1992 1560 περὶ

295 1595 377 1679 ἐμοῦ
398 1598 614 1682 βλασφημεῖν
632 1596 759 1677 πολλήν
776 1594 931 1673 ἐξουσίαν
950 1599 1192 1679 παρασχέσθαι
1199 1626 1210 1674 ,·
1233 1620 1318 1684 quae
1338 1599 1501 1662 enuntiati
1520 1596 1760 1662 condicionalis
1783 1596 1889 1661 forma
1910 1595 1992 1660 nibil

298 1716 497 1782 offensionis
520 1714 639 1797 babet3
661 1713 863 1780 monendum
886 1723 995 1780 sutem
1020 1726 1080 1798 est,
1104 1715 1193 1780 allati
1224 1717 1388 1781 enuntiati
1413 1717 1537 1803 protasi
1560 1714 1745 1780 Meneclem
1768 1726 1931 1781 mortuum
1954 1737 1990 1780 se

295 1834 504 1924 proditurum
527 1837 665 1921 ejusque
685 1834 843 1899 familiam
862 1835 1012 1901 interitui
1036 1834 1242 1921 objecturum
1262 1857 1335 1901 esse
1355 1845 1520 1901 oratorem
1538 1857 1681 1918 sumere,
1705 1856 1904 1922 quamquam
1924 1859 1990 1902 non

291 1958 435 2042 ignoret,
464 1953 528 2020 hoc
552 1977 721 2041 nunquam
746 1978 781 2020 se
805 1977 879 2020 esse
903 1954 1082 2038 facturum,
1109 1977 1218 2042 neque
1239 1977 1497 2021 commemorare
1521 1956 1625 2042 piget,
1649 1953 1805 2020 hocloco
1825 1965 1988 2020 oratorem

295 2082 483 2141 accuratam
507 2083 704 2140 structuram
729 2072 929 2160 neglexisse.
975 2073 1089 2139 Verba
1110 2076 1197 2139 enim
1226 2074 1256 2139 εἰ
1284 2076 1452 2158 προδώσω
1483 2077 1539 2140 καὶ
1565 2072 1779 2157 ἐξερημώσας
1805 2074 1908 2138 αὐτοῦ
1932 2078 1991 2139 τὸν

292 2187 386 2261 οἶκον
404 2197 513 2259 άπιὼν
534 2193 731 2277 οἰχήσομαι,
753 2217 828 2260 curn
852 2195 1001 2283 protasin
1024 2217 1130 2282 aeque
1154 2204 1254 2280 atque
1276 2193 1311 2258 id
1331 2196 1384 2259 cui
1405 2197 1560 2282 oppositu
1577 2204 1655 2260 sunt
1672 2192 1854 2258 membrum
1874 2195 1905 2258 εί
1923 2244 1930 2256 .
1951 2244 1958 2258 .
1980 2244 1988 2261 .

292 2315 576 2398 ἐγυμνασιάρχουν
598 2363 606 2379 .
627 2362 636 2378 .
655 2362 663 2377 .
685 2314 933 2400 ἐφιλοτιμήθην
950 2363 957 2376 .
974 2362 982 2376 .
1000 2363 1008 2379 .
1027 2314 1250 2397 ἐστράτευμαι
1277 2311 1425 2378 efficiant
1449 2315 1521 2399 ejus
1543 2312 1702 2399 spodosis
1727 2317 1799 2378 νυνὶ
1825 2312 1990 2378 δὲδεινὸν

292 2435 332 2497 τὸ
360 2434 502 2516 πράγμα
531 2436 587 2496 καὶ
610 2433 752 2515 αἰσχρὸν
777 2424 863 2498 εἶναι
887 2434 971 2515 τῇδε
992 2432 1119 2516 νομίζω
1149 2455 1235 2519 qnae
1254 2431 1443 2517 antecedit,
1474 2443 1584 2499 tamen
1602 2455 1722 2499 novam
1741 2433 1904 2520 apoduein
1924 2433 1989 2531 sibi

290 2560 511 2640 sumpserunt,
536 2573 622 2638 quae
645 2562 696 2617 est
717 2555 791 2629 πώς
814 2551 873 2617 οὔκ
895 2551 936 2615 άν
953 2603 960 2617 .
978 2603 985 2616 .
1003 2603 1010 2616 .
1027 2553 1220 2634 δοκοίη.**)

445 2670 574 2736 Eadem
593 2673 755 2737 enuntiati
775 2673 917 2739 formula
933 2672 961 2757 I,
980 2673 1023 2738 43
1041 2672 1216 2759 reperitur,
1235 2695 1276 2737 ec
1292 2674 1321 2739 si
1338 2672 1607 2751 Roedernm***)
1623 2681 1791 2738 auctorem
1807 2674 1988 2759 sequimur,

293 2794 392 2858 etiam
405 2791 434 2875 I,
445 2792 483 2857 51
500 2790 566 2855 huc
578 2800 718 2878 spectat,
734 2793 791 2878 qui
804 2792 898 2858 locus
913 2793 947 2858 in
963 2791 1137 2858 codicibus
1153 2793 1200 2856 ita
1214 2793 1358 2878 scriptus
1369 2803 1434 2857 est:
1450 2795 1584 2858 πάντων
1598 2793 1660 2875 γὰρ
1671 2792 1711 2853 δν
1722 2789 1772 2872 εἴη
1781 2789 1988 2871 δεινότατον,

293 2913 324 2978 εί
346 2913 414 2975 τοῖν
436 2909 615 2974 ἀντιδίκων
637 2915 890 2993 γιγνωσκόντων
913 2910 1001 2993 ἡμᾶς
1024 2909 1155 2976 δίκαιον
1175 2904 1261 2975 εἶναι
1287 2915 1327 2976 τὸ
1354 2919 1458 2996 μέρος
1477 2911 1586 2976 αὐτῶν
1604 2913 1731 2992 λαβεῖν,
1753 2909 1848 2992 ὑμεῖς
1866 2907 1989 2974 ἅπαντ’

291 3031 412 3108 αὐτοὺς
431 3028 519 3108 ἔχειν
541 3033 778 3116 ψηφίσεσθε,
801 3035 855 3094 καὶ
875 3034 1012 3106 τούτους
1031 3033 1091 3112 μὲν
1110 3029 1305 3112 ἡγήσεσθε
1323 3033 1447 3112 χρὴναι
1463 3033 1568 3095 πλείω
1587 3033 1700 3112 λαβεῖν
1717 3016 1765 3094 ὧν
1783 3029 1878 3094 αὐτοὶ
1897 3032 1988 3116 σφάς

294 3150 415 3227 αὐτοὺς
439 3148 600 3232 ἠξίωσαν,
628 3147 715 3232 ἡμᾶς
734 3148 773 3214 δὲ
791 3149 876 3232 μηδὲ
894 3153 1021 3214 τούτων
1040 3148 1218 3227 ἀξιώσετε
1236 3139 1284 3213 ὧν
1302 3150 1339 3213 οἱ
1357 3148 1522 3215 ἀντίδικοι
1541 3151 1767 3233 συγχωροῦσιν
1787 3148 1870 3231 ἡμῖν.
1904 3148 1988 3214 Cum

291 3281 402 3335 autem
430 3269 537 3334 forma
566 3269 669 3334 futuri
696 3272 890 3354 ψηφιεῖσθε
921 3271 955 3332 in
978 3270 1006 3351 I,
1025 3271 1067 3334 40
1091 3277 1125 3333 et
1152 3269 1211 3351 VI,
1231 3270 1252 3333 2
1274 3271 1399 3357 scripta
1430 3271 1474 3334 sit
1504 3279 1537 3334 et
1568 3268 1702 3333 omnino
1726 3267 1987 3355 ascriptoribus
2024 3346 2027 3351 Ι

291 3390 401 3455 atticis
422 3396 611 3474 usurpetur,
644 3388 794 3473 profecto
826 3388 933 3454 forma
964 3391 1163 3475 ψηφίσεσθε
1192 3388 1255 3455 boc
1285 3390 1359 3456 loco
1389 3388 1544 3453 mendum
1574 3409 1647 3453 esse
1676 3387 1820 3452 indicari
1842 3387 1986 3451 videtur.

289 3507 419 3591 Quodsi
444 3506 509 3574 boc
531 3515 671 3589 constat,
702 3529 745 3571 ex
777 3511 990 3594 ψηγίσοισθε
1019 3510 1166 3594 optativo
1191 3511 1389 3595 ψηφίσεσθε
1418 3507 1556 3573 formum
1585 3506 1769 3594 profectum
1799 3528 1873 3571 esse
1903 3507 1988 3570 veri-

290 3628 398 3695 simile
422 3637 485 3711 est,
507 3650 574 3715 qua
592 3649 751 3715 perversa
772 3627 879 3693 forma
896 3636 1034 3715 receptu
1052 3628 1150 3693 etiem
1168 3628 1269 3693 falsus
1292 3628 1415 3693 formes
1431 3626 1599 3710 ἡγήσεσθε
1618 3636 1651 3691 ct
1669 3625 1828 3703 ἀξιώσετε
1846 3627 1879 3690 in
1899 3625 1987 3690 bunc

289 3747 400 3815 locum
422 3749 596 3835 irrepsisse
627 3745 867 3813 contenderim.
913 3747 1033 3834 Itaque
1062 3745 1118 3810 bic
1145 3745 1240 3813 locus
1269 3749 1316 3812 ita
1346 3746 1570 3812 restituendus
1600 3756 1661 3829 est,
1694 3757 1730 3810 nt
1756 3748 1987 3832 ψηφίσαισθε,

291 3865 488 3950 ἡγήσαισθε,
512 3864 693 3945 ἀξιώσαιτε
717 3868 882 3954 optativus
901 3875 1018 3932 contra
1034 3864 1256 3931 Schoemanni
1273 3878 1306 3932 et
1320 3866 1465 3932 Roederi
1487 3868 1716 3932 anctoritatem
1738 3887 1813 3930 cum
1829 3865 1986 3930 Bekkero

290 3985 532 4052 Turiceusibus
554 3984 712 4052 Scheibio
736 3985 948 4052 Bucrmanno
977 4007 1195 4073 reponamus,
1228 4009 1293 4073 quo
1316 3987 1406 4052 iacto
1429 3996 1517 4052 totus
1539 3985 1633 4052 locus
1656 4007 1723 4051 non
1744 3983 1830 4067 buc',
1861 3982 1921 4049 sed
1944 3982 1986 4048 ad

290 4128 425 4187 novum,
450 4103 491 4169 de
516 4127 581 4192 quo
605 4105 692 4170 inira
714 4104 877 4187 dicemus,
900 4126 1006 4190 genus
1029 4107 1275 4170 enuntiatorum
1298 4104 1579 4171 condicionalium
1602 4102 1797 4169 referendus
1821 4113 1882 4169 est.

442 4225 492 4289 Ac
511 4247 553 4290 ue
572 4224 627 4290 ille
647 4224 782 4312 quidem
797 4224 892 4292 locus
912 4224 1176 4313 praetereundus
1198 4236 1258 4308 est,
1283 4227 1340 4312 qui
1355 4226 1400 4308 X,
1417 4226 1459 4290 23
1474 4227 1650 4313 reperitur,
1674 4222 1731 4289 ubi
1754 4225 1789 4288 in
1808 4220 1983 4288 codicibus

287 4343 371 4409 haec
394 4354 486 4410 sunt:
509 4346 688 4411 δεινότατα
711 4345 773 4429 γάρ
796 4349 929 4410 πάντων
951 4346 1093 4427 γένοιτο,
1115 4345 1145 4410 εί
1168 4344 1366 4429 Κυρωνίδης
1389 4347 1450 4428 μὲν
1468 4349 1524 4410 καὶ
1547 4336 1654 4426 οὗτοι,
1677 4339 1769 4420 ὄντες
1791 4339 1826 4421 ἐξ
1847 4341 1986 4424 ἐκείνου,

280 4465 332 4548 μὴ
350 4468 456 4547 μόνον
474 4470 533 4531 τὸν
551 4464 755 4536 Ξεναινέτου
772 4456 866 4531 οἷκον
884 4469 987 4531 πλέον
1005 4463 1026 4547 ή
1043 4467 1210 4546 τεττάρων
1229 4466 1399 4529 ταλάντων
1417 4462 1562 4545 ἕξουσιν,
1584 4462 1667 4526 otto
1685 4466 1741 4525 καῖ
1759 4460 1861 4526 τόνδε
1878 4481 1986 4541 προσ-

288 4584 467 4669 λήψονται,
486 4634 494 4650 .
513 4634 521 4650 .
541 4585 578 4651 Si
594 4585 682 4649 enirn
698 4583 882 4663 Roederi†)
903 4585 1072 4649 sententia
1086 4583 1333 4672 comprobatur,
1356 4581 1412 4648 bic
1426 4582 1520 4650 locus
1536 4581 1601 4647 buc
1616 4605 1682 4647 non
1706 4591 1758 4647 est
1774 4577 1985 4661 referendus,

440 4705 455 4736 U

444 4703 545 4855 *libi
559 4703 681 4841 genitis.
699 4790 824 4842 adhunc
842 4791 930 4843 locum
948 4793 976 4842 in
995 4807 1089 4844 comm.
1108 4792 1149 4843 ed
1167 4808 1228 4859 pag.
1247 4789 1306 4843 222.

440 4876 496 4942 m)
514 4877 532 4928 l.
551 4893 574 4927 c.
593 4892 653 4943 pag.
672 4874 689 4926 ὅ
707 4893 747 4940 sq.

439 4960 468 5026 τ)
486 4962 504 5014 t
523 4979 547 5015 ο·
564 4960 599 5013 43
617 4978 675 5029 uu·
