4284 5572
222 376 270 447 24

225 585 323 667 utos,
354 593 530 666 πανταχοῦ
559 593 710 674 παρῆμεν
735 590 827 674 ἡμεῖς
858 596 913 657 καὶ
944 594 1161 675 ουτέδίομεν.
1208 590 1299 657 Talis
1330 591 1488 679 periodus
1516 592 1729 682 hypothetica
1761 588 1802 658 do
1826 616 1919 681 prae·

222 707 328 772 teritis
352 708 541 774 actionibus
561 713 696 797 saepius
721 712 872 798 repetitis
892 723 1080 798 usurpatur,
1104 725 1141 777 ut
1159 713 1339 777 vernacula
1358 707 1473 798 lingua
1493 715 1665 779 formulam
1685 715 1716 779 εἰ
1733 714 1915 800 particulae

223 843 297 894 cum
330 830 477 916 optativo
510 833 709 918 conjunctae
741 856 802 914 „so
827 832 891 914 oft,
917 830 1225 917 jedesmal'wenn“
1259 845 1389 897 vertere
1415 836 1589 919 possimus.
1636 835 1783 920 Tempus
1806 844 1916 898 autem

224 953 439 1034 praeteritum
476 974 540 1017 non
573 955 720 1038 optativo
755 952 977 1035 significatur,
1017 955 1074 1014 scd
1116 975 1158 1015 ex
1191 965 1339 1038 tompore
1371 953 1527 1039 apodosis
1563 953 1657 1018 verbi
1691 956 1916 1038 cognoscitur,

223 1071 265 1138 cf.
305 1082 438 1157 praeter
469 1072 552 1136 ulios
587 1070 839 1148 Conradium*).
900 1071 1097 1157 Plerumque
1129 1082 1239 1135 autem
1278 1074 1310 1134 in
1352 1073 1462 1136 talium
1499 1075 1742 1138 enuntiatorum
1775 1073 1916 1160 apodosi

224 1193 401 1277 praeterito
435 1189 475 1253 ἄν
508 1191 670 1279 particula
703 1192 913 1277 adjungitur,
945 1214 1042 1276 quum
1076 1190 1271 1278 particulam
1304 1191 1401 1257 allato
1433 1192 1507 1257 loco
1541 1186 1803 1259 desideramus.
1851 1192 1917 1258 Sed

222 1323 312 1375 recte
337 1312 491 1375 omissam
516 1334 588 1376 csse
613 1311 807 1397 particulam
833 1309 968 1397 etquid
993 1312 1124 1376 intersit
1145 1312 1232 1375 inter
1255 1314 1469 1397 praeteritum
1493 1314 1636 1399 simplex
1652 1323 1684 1377 et
1701 1315 1918 1399 praeteritum

222 1427 264 1495 ἄν
296 1430 457 1517 particula
487 1430 600 1495 addita
632 1455 732 1518 supra
764 1433 997 1516 exposuimus,
1030 1431 1070 1494 cf.
1101 1433 1198 1494 etiarn
1222 1431 1413 1509 Kuelrn.**)
1457 1432 1563 1497 Aliter
1585 1443 1694 1496 autem
1719 1443 1769 1497 est
1791 1431 1918 1497 intelle-

222 1551 350 1631 gendus
380 1550 492 1629 locus,
527 1553 581 1636 qui
607 1552 695 1625 Xl,8
728 1552 903 1636 reperitur.
958 1549 1008 1614 lbi
1041 1549 1124 1646 haec
1156 1554 1282 1636 scripta
1311 1564 1406 1617 sunt:
1431 1555 1571 1633 ιΑγιίιις
1594 1544 1673 1628 οὖν,
1702 1550 1758 1616 ὅτε
1789 1552 1920 1616 ἐκπλεῖν

220 1669 489 1752 παρεσκευάζετο
515 1674 730 1752 πρεσβεύσων
755 1673 809 1734 ἐπὶ
833 1674 952 1746 ταύτας
974 1672 1033 1746 τὰς
1053 1669 1200 1752 πράξεις,
1221 1671 1261 1734 αἳ
1280 1674 1323 1751 τῇ
1339 1675 1438 1735 πόλει
1460 1677 1700 1756 συμφερόντως
1725 1663 1833 1753 εἶχον,
1859 1670 1919 1736 οὐκ

222 1792 277 1877 ἐφ’
296 1789 370 1872 ἡμῖν
389 1797 463 1865 τοῖς
480 1791 642 1871 ἐγγύτατα
666 1800 801 1872 γένους,
831 1789 909 1853 εἴτι
929 1793 1052 1869 πάθοι,
1075 1792 1115 1854 τὰ
1137 1788 1215 1853 ὄντα
1239 1793 1423 1871 κατέλιπεν,
1446 1790 1517 1855 ἀλλ’
1539 1791 1725 1869 ἐποιήσατο
1749 1791 1919 1871 θυγατέρα

220 1909 323 1973 αὑτοῦ
354 1909 545 1996 ἀδελφιδῆν·
579 1911 609 1973 εί
641 1911 731 1972 δέτι
755 1914 811 1972 καὶ
834 1909 915 1988 αὐτὶ]
938 1913 1061 1990 πάθοι,
1087 1911 1253 1973 Γλαύκωνι
1276 1911 1318 1971 τὰ
1342 1907 1421 1974 ὄντα
1441 1909 1568 1992 ἐδίδου,
1591 1911 1728 1995 ἀδελφῷ
1746 1908 1818 1975 ὄντι
1840 1911 1919 1992 ὁμο·

221 2033 357 2112 μητρίῳ.
413 2031 467 2112 Si,
501 2029 602 2092 veluti
636 2028 699 2093 hoc
730 2028 822 2109 loco,
857 2030 1024 2115 optativus
1056 2030 1089 2091 in
1121 2029 1245 2114 protasi
1280 2027 1460 2094 collocatus
1483 2028 1525 2092 ad
1549 2040 1678 2115 tempus
1703 2031 1918 2115 praeteritum

222 2146 353 2212 ridetur
376 2161 540 2235 spectare,
565 2152 729 2213 actionem
754 2148 897 2235 protasis
921 2173 938 2210 e
963 2158 1071 2212 mente
1095 2147 1179 2212 alius
1203 2171 1241 2211 ac
1266 2148 1431 2235 loquentis
1456 2148 1617 2235 prolatam
1642 2171 1714 2212 esse
1738 2148 1815 2226 (hoc
1839 2147 1913 2213 loco

223 2267 390 2352 Hagniae)
413 2269 622 2355 exprimitur.
669 2268 795 2332 Eadem
820 2271 907 2333 actio
932 2268 972 2331 ad
997 2290 1155 2354 praesens
1179 2270 1205 2331 si
1230 2267 1420 2350 referretur,
1444 2269 1503 2332 ἐάν
1523 2267 1718 2354 particulam
1742 2291 1817 2331 cum
1841 2291 1918 2331 con·

215 2386 369 2472 junctivo
393 2390 551 2453 sociatam
578 2388 827 2473 praeberet.”'t
866 2388 980 2451 Simile
1012 2386 1199 2472 exemplum
1231 2387 1547 2469 attestationum,
1577 2387 1632 2450 ubi
1659 2386 1741 2450 haec
1765 2399 1918 2451 exstant:

222 2510 351 2590 πότερα
369 2507 461 2571 δὀὐκ
486 2498 524 2587 ἦν
543 2530 601 2589 μοι
624 2512 750 2589 λαχεῖν,
775 2508 805 2571 τί
828 2509 872 2589 μὴ
891 2511 1045 2588 πείσαιμι
1069 2509 1217 2586 sources,
1242 2507 1284 2569 cf.
1310 2506 1479 2587 V11‚1.9.

376 2626 588 2692 Perlustratis
617 2627 668 2691 liis
693 2626 822 2692 duobus
847 2628 1089 2690 enuntiatorum
1115 2624 1393 2691 condicionalium
1419 2626 1609 2711 generibus,
1644 2637 1680 2714 pt
1702 2625 1758 2689 illa
1781 2625 1919 2690 liberior

221 2755 387 2809 structura
417 2760 713 2828 commemoretur,
747 2769 814 2833 qua
836 2747 867 2809 εἰ
891 2745 1053 2832 particula
1077 2745 1254 2809 affectuum
1280 2745 1383 2810 verba
1406 2748 1573 2832 sequitur,
1608 2757 1721 2810 restat.
1767 2746 1807 2809 In
1830 2748 1918 2831 ejus·

222 2863 311 2929 modi
343 2875 453 2929 autem
477 2869 656 2932 enuntiatis
679 2868 709 2932 εἰ
728 2865 892 2953 particula
914 2866 983 2929 fere
1007 2864 1096 2928 idem
1120 2865 1303 2950 significat,
1329 2865 1418 2951 quod
1444 2864 1513 2947 ὅτι,
1538 2888 1646 2952 neque
1669 2865 1732 2929 hac
1756 2866 1918 2929 enuntiati

222 2985 329 3050 forma
367 3008 435 3049 rem
470 2985 605 3049 dubiam
638 2988 865 3072 incertamque
898 2985 1081 3070 significari
1114 3008 1251 3049 necesse
1285 2995 1345 3050 est.
1399 2986 1502 3049 Recte
1534 2984 1623 3050 hunc
1654 3008 1748 3050 usum
1783 2982 1918 3048 dicendi

223 3104 480 3183 Kuehner·us†t.
497 3110 543 3170 ita
577 3104 741 3194 explicat:
775 3105 839 3168 Die
872 3104 1011 3168 attische
1044 3104 1242 3186 Urbanitttt,
1289 3104 1414 3169 welche
1447 3102 1536 3169 ihrer
1569 3103 1717 3192 Sprache
1748 3127 1830 3189 gern
1864 3102 1918 3167 dio

222 3224 332 3289 Farbe
358 3224 416 3289 des
432 3226 587 3290 Zweifels
612 3226 677 3290 und
703 3227 796 3289 einer
818 3226 981 3310 gewissen
1000 3223 1344 3289 Uncntschiedenheit
1359 3223 1546 3307 heimischt,
1567 3223 1704 3288 bedient
1719 3222 1790 3288 sich
1809 3222 1920 3286 dieser

222 3345 321 3409 Form
346 3344 405 3409 des
428 3344 625 3410 Ausdrncks
648 3346 725 3410 sehr
746 3344 859 3428 haufig
883 3343 951 3408 und
974 3342 1077 3408 selbst
1100 3343 1154 3407 bei
1172 3342 1429 3429 ausgemachten
1447 3343 1514 3407 und
1529 3342 1804 3409 unbczweifeltcn
1821 3341 1920 3406 That-

222 3464 357 3530 sachen.
404 3466 440 3530 Si
470 3467 572 3551 igitur
595 3463 636 3529 ab
661 3468 710 3544 εἰ,
742 3489 806 3530 non
833 3463 874 3528 ab
900 3461 951 3528 ὅτι
981 3464 1142 3549 ejusmodi
1168 3466 1340 3527 enuntiata
1361 3464 1538 3549 incipiunt,
1572 3486 1637 3527 non
1662 3472 1727 3526 tam
1755 3463 1921 3525 sententia

224 3606 322 3671 quam
346 3609 447 3650 sonus
471 3596 624 3650 mutatur.
667 3584 750 3649 Cum
775 3596 884 3648 autem
905 3583 986 3646 hauc
1011 3585 1190 3661 enuntiata,
1216 3594 1378 3669 quatenus
1397 3583 1581 3648 sententiae
1606 3583 1691 3645 ratio
1711 3578 1861 3663 habetur,
1886 3582 1918 3645 in

224 3703 495 3770 affirmativorum
521 3707 765 3770 enuntiatorum
789 3728 938 3785 numero,
973 3714 1134 3790 quatenus
1158 3702 1284 3766 formae
1308 3703 1556 3787 grammaticae,
1580 3702 1614 3764 in
1639 3699 1918 3765 condicionalium

224 3826 467 3889 enuntiatorum
501 3847 636 3889 numero
665 3824 742 3888 duci
772 3825 918 3911 possint,
949 3825 1065 3887 mirum
1090 3831 1248 3902 nonest,
1280 3820 1370 3907 quod
1393 3821 1427 3884 in
1451 3822 1491 3885 iis
1515 3821 1760 3884 enuntiatorum
1785 3818 1921 3883 etaftir-

224 3945 419 4008 mativorum
466 3955 499 4007 et
542 3942 822 4009 condicionalium
866 3953 1050 4007 structurae
1097 3943 1323 4005 inveniuntur.
1383 3941 1561 4005 Praeterea
1596 3949 1706 4003 autem
1744 3936 1807 4003 hoc
1845 3938 1919 4003 loco

224 4062 423 4128 monendum
448 4073 508 4144 est,
533 4063 621 4150 apud
641 4063 772 4127 Isaeum
796 4061 897 4128 semel
921 4064 954 4125 in
979 4060 1118 4148 spodosi
1142 4062 1321 4146 praeterito
1345 4058 1388 4124 τίν
1404 4058 1598 4146 particulam
1623 4057 1713 4140 addi,
1738 4058 1781 4120 cf.
1807 4058 1917 4140 x,12:

223 4186 425 4265 θαυμαστὸν
457 4185 520 4264 γὰρ
549 4183 589 4244 ἐν
621 4174 674 4265 ἦν,
702 4184 732 4247 εἰ
763 4184 821 4264 τὴν
838 4183 921 4263 ἐμὴν
944 4189 1071 4264 μητέρα
1094 4183 1205 4260 ἔχοντι
1228 4177 1482 4261 Ἀπολλοδώρῳ
1503 4176 1522 4260 ii
1541 4178 1774 4260 Ἀριστομένει
1795 4176 1854 4241 οὐκ
1877 4174 1921 4240 ἂν

224 4291 337 4366 οἷόντε
359 4291 400 4384 ἦν
418 4305 486 4366 ταῖν
510 4301 634 4384 ἐκείνης
660 4307 764 4384 κυρίῳ
788 4304 960 4382 γενέσθαι,
983 4302 1067 4363 κατὰ
1086 4305 1146 4364 τὀν
1169 4303 1274 4380 νόμον
1295 4348 1301 4359 .
1327 4349 1333 4361 .
1355 4347 1361 4360 .
1382 4298 1587 4378 εἰσποιῆσαι.
1630 4297 1831 4378 Quaerenti,
1861 4318 1920 4359 cur

224 4419 306 4483 haec
329 4432 496 4486 structura
517 4433 582 4486 tam
607 4445 680 4487 raro
704 4422 908 4507 reperiatur,
941 4419 1156 4494 Akenius††t
1184 4419 1231 4480 ita
1254 4415 1451 4503 respondet:
1475 4415 1641 4500 Ungleich
1663 4414 1806 4480 seltener
1832 4413 1920 4479 steht

378 4581 403 4644 *l
422 4583 637 4647 litlauterungcn
655 4600 702 4633 zur
720 4582 904 4648 griechischen
924 4582 1051 4643 Tempus·
1073 4580 1126 4628 und
1146 4577 1324 4627 hloduslclrrc.
1343 4592 1401 4640 pag.
1424 4574 1472 4624 19¹)
1490 4593 1550 4641 sqq.

379 4667 418 4721 as,
438 4686 475 4733 gr.
497 4671 529 4718 ll.
548 4669 596 4719 ttsl
618 4687 679 4718 ann.
697 4670 722 4719 4.

378 4752 435 4815 ***)
454 4756 487 4803 εί.
507 4756 612 4804 Kuehn.
631 4771 669 4820 gr.
690 4756 722 4804 11.
741 4753 789 4803 981
810 4769 871 4802 ann.
890 4754 914 4800 8.

379 4838 407 4899 i)
425 4856 462 4905 gr.
481 4840 515 4889 11.
535 4839 593 4889 887.

380 4925 428 4990 er)
449 4927 465 4975 ι.
486 4941 507 4976 c.
527 4925 543 4991 a
563 4923 620 4975 ns.
