<?xml version="1.0" encoding="UTF-8"?>
<!DOCTYPE html PUBLIC "-//W3C//DTD XHTML 1.0 Transitional//EN"
    "http://www.w3.org/TR/xhtml1/DTD/xhtml1-transitional.dtd">
<html xmlns="http://www.w3.org/1999/xhtml" xml:lang="en" lang="en">
 <head>
  <title>
</title>
<meta http-equiv="Content-Type" content="text/html;charset=utf-8" />
  <meta name='ocr-system' content='tesseract 3.04.00' />
  <meta name='ocr-capabilities' content='ocr_page ocr_carea ocr_par ocr_line ocrx_word'/>
</head>
<body>
  <div class='ocr_page' id='page_1' title='image "./deenuntiatoruma00knopgoog_0018.png"; bbox 0 0 4284 5572; ppageno 0'>
   <div class='ocr_carea' id='block_1_1' title="bbox 1868 431 1913 503">
    <p class='ocr_par' dir='ltr' id='par_1_1' title="bbox 1868 431 1913 503">
     <span class='ocr_line' id='line_1_1' title="bbox 1868 431 1913 503; baseline -0.022 0"><span class='ocrx_word' id='word_1_1' title='bbox 1868 431 1913 503; x_wconf 83' lang='lat'><strong>13</strong></span> 
     </span>
    </p>
   </div>
   <div class='ocr_carea' id='block_1_2' title="bbox 219 629 1920 3953">
    <p class='ocr_par' dir='ltr' id='par_1_2' title="bbox 219 629 1919 1897">
     <span class='ocr_line' id='line_1_2' title="bbox 224 629 1915 721; baseline 0.002 -23"><span class='ocrx_word' id='word_1_2' title='bbox 224 631 391 699; x_wconf 80' lang='lat' dir='ltr'><strong>excidisse</strong></span> <span class='ocrx_word' id='word_1_3' title='bbox 415 654 487 698; x_wconf 90' lang='lat' dir='ltr'><strong>esse</strong></span> <span class='ocrx_word' id='word_1_4' title='bbox 519 629 713 717; x_wconf 88' lang='lat' dir='ltr'><strong>verisimile;</strong></span> <span class='ocrx_word' id='word_1_5' title='bbox 739 631 782 697; x_wconf 88' lang='lat' dir='ltr'><strong>cf.</strong></span> <span class='ocrx_word' id='word_1_6' title='bbox 807 629 1026 698; x_wconf 87' lang='lat' dir='ltr'><strong>Schmidtium</strong></span> <span class='ocrx_word' id='word_1_7' title='bbox 1050 633 1071 698; x_wconf 90' lang='lat' dir='ltr'><strong>l.</strong></span> <span class='ocrx_word' id='word_1_8' title='bbox 1096 655 1126 698; x_wconf 92' lang='lat' dir='ltr'><strong>c.</strong></span> <span class='ocrx_word' id='word_1_9' title='bbox 1150 656 1228 721; x_wconf 85' lang='lat' dir='ltr'>pag.</span> <span class='ocrx_word' id='word_1_10' title='bbox 1251 634 1321 699; x_wconf 82' lang='lat'><strong>4.5</strong></span> <span class='ocrx_word' id='word_1_11' title='bbox 1351 643 1384 699; x_wconf 88' lang='lat' dir='ltr'><strong>et</strong></span> <span class='ocrx_word' id='word_1_12' title='bbox 1407 632 1619 699; x_wconf 87' lang='lat' dir='ltr'><strong>Gebauerum</strong></span> <span class='ocrx_word' id='word_1_13' title='bbox 1642 633 1663 701; x_wconf 91' lang='lat'><strong>1.</strong></span> <span class='ocrx_word' id='word_1_14' title='bbox 1690 656 1719 699; x_wconf 87' lang='lat' dir='ltr'><strong>c.</strong></span> <span class='ocrx_word' id='word_1_15' title='bbox 1744 657 1819 721; x_wconf 83' lang='lat' dir='ltr'><strong>pag.</strong></span> <span class='ocrx_word' id='word_1_16' title='bbox 1841 633 1915 703; x_wconf 78' lang='lat'><strong>279.</strong></span> 
     </span>
     <span class='ocr_line' id='line_1_3' title="bbox 219 751 1916 841; baseline 0.001 -23"><span class='ocrx_word' id='word_1_17' title='bbox 219 751 379 839; x_wconf 85' lang='lat' dir='ltr'><strong>Reliquus</strong></span> <span class='ocrx_word' id='word_1_18' title='bbox 403 761 453 817; x_wconf 92' lang='lat' dir='ltr'><strong>est</strong></span> <span class='ocrx_word' id='word_1_19' title='bbox 474 775 557 817; x_wconf 91' lang='lat' dir='ltr'><strong>unus</strong></span> <span class='ocrx_word' id='word_1_20' title='bbox 580 752 690 836; x_wconf 86' lang='lat' dir='ltr'><strong>locus,</strong></span> <span class='ocrx_word' id='word_1_21' title='bbox 725 755 782 839; x_wconf 92' lang='lat' dir='ltr'><strong>qni</strong></span> <span class='ocrx_word' id='word_1_22' title='bbox 806 751 870 817; x_wconf 87' lang='lat' dir='ltr'><strong>huc</strong></span> <span class='ocrx_word' id='word_1_23' title='bbox 893 754 1047 840; x_wconf 80' lang='lat' dir='ltr'><strong>pertinet,</strong></span> <span class='ocrx_word' id='word_1_24' title='bbox 1073 755 1101 818; x_wconf 91' lang='lat' dir='ltr'><strong>si</strong></span> <span class='ocrx_word' id='word_1_25' title='bbox 1126 752 1295 818; x_wconf 77' lang='lat' dir='ltr'><strong>(iebaueri</strong></span> <span class='ocrx_word' id='word_1_26' title='bbox 1319 755 1516 818; x_wconf 89' lang='lat' dir='ltr'><strong>sententiam</strong></span> <span class='ocrx_word' id='word_1_27' title='bbox 1541 752 1807 841; x_wconf 80' lang='lat' dir='ltr'><strong>comprobamus.</strong></span> <span class='ocrx_word' id='word_1_28' title='bbox 1852 756 1916 820; x_wconf 90' lang='lat' dir='ltr'><strong>Re·</strong></span> 
     </span>
     <span class='ocr_line' id='line_1_4' title="bbox 221 870 1918 959; baseline 0.002 -24"><span class='ocrx_word' id='word_1_29' title='bbox 221 873 348 959; x_wconf 88' lang='lat' dir='ltr'><strong>peritur</strong></span> <span class='ocrx_word' id='word_1_30' title='bbox 371 871 473 954; x_wconf 81' lang='lat' dir='ltr'><strong>V1‚2,</strong></span> <span class='ocrx_word' id='word_1_31' title='bbox 498 871 555 936; x_wconf 91' lang='lat' dir='ltr'><strong>ubi</strong></span> <span class='ocrx_word' id='word_1_32' title='bbox 579 873 613 936; x_wconf 91' lang='lat' dir='ltr'><strong>in</strong></span> <span class='ocrx_word' id='word_1_33' title='bbox 637 870 810 938; x_wconf 81' lang='lat' dir='ltr'><strong>codicibus</strong></span> <span class='ocrx_word' id='word_1_34' title='bbox 834 871 916 937; x_wconf 89' lang='lat' dir='ltr'><strong>haec</strong></span> <span class='ocrx_word' id='word_1_35' title='bbox 939 881 1031 938; x_wconf 86' lang='lat' dir='ltr'><strong>sunt:</strong></span> <span class='ocrx_word' id='word_1_36' title='bbox 1056 870 1185 938; x_wconf 78' lang='grc' dir='ltr'><strong><em>ἄτοπον</em></strong></span> <span class='ocrx_word' id='word_1_37' title='bbox 1209 871 1251 955; x_wconf 75' lang='grc' dir='ltr'><strong>δὴ</strong></span> <span class='ocrx_word' id='word_1_38' title='bbox 1275 874 1304 938; x_wconf 80' lang='grc' dir='ltr'><strong><em>εἰ</em></strong></span> <span class='ocrx_word' id='word_1_39' title='bbox 1323 871 1434 938; x_wconf 80' lang='grc' dir='ltr'><strong><em>ἐκεῖνα</em></strong></span> <span class='ocrx_word' id='word_1_40' title='bbox 1452 876 1510 957; x_wconf 84' lang='grc' dir='ltr'><strong>μὲν</strong></span> <span class='ocrx_word' id='word_1_41' title='bbox 1530 873 1711 959; x_wconf 66' lang='grc' dir='ltr'><strong><em>προδήλων</em></strong></span> <span class='ocrx_word' id='word_1_42' title='bbox 1731 871 1834 940; x_wconf 87' lang='grc' dir='ltr'><strong><em>ὄντων</em></strong></span> <span class='ocrx_word' id='word_1_43' title='bbox 1853 879 1918 940; x_wconf 78' lang='grc' dir='ltr'><strong>τῶν</strong></span> 
     </span>
     <span class='ocr_line' id='line_1_5' title="bbox 220 987 1918 1080; baseline 0.001 -24"><span class='ocrx_word' id='word_1_44' title='bbox 220 988 380 1056; x_wconf 79' lang='grc' dir='ltr'><strong><em>κινδύνων</em></strong></span> <span class='ocrx_word' id='word_1_45' title='bbox 403 987 493 1074; x_wconf 84' lang='grc' dir='ltr'><strong><em>ὅμως</em></strong></span> <span class='ocrx_word' id='word_1_46' title='bbox 516 993 574 1057; x_wconf 80' lang='grc' dir='ltr'><strong>διὰ</strong></span> <span class='ocrx_word' id='word_1_47' title='bbox 596 996 636 1057; x_wconf 89' lang='grc' dir='ltr'><strong>τὸ</strong></span> <span class='ocrx_word' id='word_1_48' title='bbox 658 994 809 1075; x_wconf 79' lang='grc' dir='ltr'><strong><em>χρῆσθαι</em></strong></span> <span class='ocrx_word' id='word_1_49' title='bbox 832 995 964 1070; x_wconf 79' lang='grc' dir='ltr'><em>τούτοις</em></span> <span class='ocrx_word' id='word_1_50' title='bbox 983 998 1038 1058; x_wconf 83' lang='grc' dir='ltr'><strong>καὶ</strong></span> <span class='ocrx_word' id='word_1_51' title='bbox 1057 995 1176 1077; x_wconf 77' lang='grc' dir='ltr'><strong><em>φίλους</em></strong></span> <span class='ocrx_word' id='word_1_52' title='bbox 1195 992 1344 1076; x_wconf 83' lang='grc' dir='ltr'><strong><em>νομίζειν</em></strong></span> <span class='ocrx_word' id='word_1_53' title='bbox 1362 993 1537 1077; x_wconf 77' lang='grc' dir='ltr'><strong><em>ὑπέμενον,</em></strong></span> <span class='ocrx_word' id='word_1_54' title='bbox 1555 996 1612 1058; x_wconf 80' lang='grc' dir='ltr'><strong>νῦν</strong></span> <span class='ocrx_word' id='word_1_55' title='bbox 1631 993 1670 1058; x_wconf 81' lang='grc' dir='ltr'><strong>δὲ</strong></span> <span class='ocrx_word' id='word_1_56' title='bbox 1688 994 1727 1058; x_wconf 82' lang='grc' dir='ltr'><strong>οὐ</strong></span> <span class='ocrx_word' id='word_1_57' title='bbox 1746 996 1918 1080; x_wconf 73' lang='grc' dir='ltr'><strong><em>πειρῴμην</em></strong></span> 
     </span>
     <span class='ocr_line' id='line_1_6' title="bbox 221 1101 1919 1200; baseline 0.001 -24"><span class='ocrx_word' id='word_1_58' title='bbox 221 1114 389 1176; x_wconf 84' lang='grc' dir='ltr'><strong><em>συνειπεῖν</em></strong></span> <span class='ocrx_word' id='word_1_59' title='bbox 418 1110 451 1188; x_wconf 79' lang='grc' dir='ltr'><strong>ἐξ</strong></span> <span class='ocrx_word' id='word_1_60' title='bbox 480 1101 527 1177; x_wconf 83' lang='grc' dir='ltr'><strong>ὦν</strong></span> <span class='ocrx_word' id='word_1_61' title='bbox 550 1113 643 1195; x_wconf 83' lang='grc' dir='ltr'><em>ὑμεῖς</em></span> <span class='ocrx_word' id='word_1_62' title='bbox 665 1134 701 1176; x_wconf 87' lang='grc' dir='ltr'><strong><em>τε</em></strong></span> <span class='ocrx_word' id='word_1_63' title='bbox 731 1113 772 1174; x_wconf 88' lang='grc' dir='ltr'><strong>τὰ</strong></span> <span class='ocrx_word' id='word_1_64' title='bbox 796 1108 918 1194; x_wconf 77' lang='grc' dir='ltr'><strong><em>εὔορκα</em></strong></span> <span class='ocrx_word' id='word_1_65' title='bbox 942 1116 1129 1200; x_wconf 68' lang='grc' dir='ltr'><strong><em>ψηφιεῖσθε</em></strong></span> <span class='ocrx_word' id='word_1_66' title='bbox 1156 1117 1211 1177; x_wconf 84' lang='grc' dir='ltr'><strong>καὶ</strong></span> <span class='ocrx_word' id='word_1_67' title='bbox 1234 1116 1366 1188; x_wconf 76' lang='grc' dir='ltr'><strong><em>τούτοις</em></strong></span> <span class='ocrx_word' id='word_1_68' title='bbox 1389 1115 1430 1177; x_wconf 87' lang='grc' dir='ltr'><strong>τὰ</strong></span> <span class='ocrx_word' id='word_1_69' title='bbox 1454 1112 1569 1177; x_wconf 78' lang='grc' dir='ltr'><strong><em>δίκαια</em></strong></span> <span class='ocrx_word' id='word_1_70' title='bbox 1592 1115 1772 1195; x_wconf 68' lang='grc' dir='ltr'><strong><em>γενήσεται.</em></strong></span> <span class='ocrx_word' id='word_1_71' title='bbox 1818 1112 1919 1195; x_wconf 81' lang='lat' dir='ltr'><strong>Quod</strong></span> 
     </span>
     <span class='ocr_line' id='line_1_7' title="bbox 224 1229 1919 1319; baseline 0.001 -23"><span class='ocrx_word' id='word_1_72' title='bbox 224 1230 345 1314; x_wconf 85' lang='lat' dir='ltr'><strong>legitur</strong></span> <span class='ocrx_word' id='word_1_73' title='bbox 368 1231 407 1295; x_wconf 85' lang='grc' dir='ltr'><strong>οὐ</strong></span> <span class='ocrx_word' id='word_1_74' title='bbox 430 1232 604 1315; x_wconf 75' lang='grc' dir='ltr'><strong><em>πειρῴμην</em></strong></span> <span class='ocrx_word' id='word_1_75' title='bbox 627 1233 679 1296; x_wconf 93' lang='lat' dir='ltr'><strong>vir</strong></span> <span class='ocrx_word' id='word_1_76' title='bbox 705 1230 822 1298; x_wconf 88' lang='lat' dir='ltr'><strong>doctus</strong></span> <span class='ocrx_word' id='word_1_77' title='bbox 841 1254 906 1298; x_wconf 92' lang='lat' dir='ltr'><strong>non</strong></span> <span class='ocrx_word' id='word_1_78' title='bbox 927 1229 1034 1297; x_wconf 90' lang='lat' dir='ltr'><strong>credit</strong></span> <span class='ocrx_word' id='word_1_79' title='bbox 1056 1231 1151 1296; x_wconf 87' lang='lat' dir='ltr'><strong>aliter</strong></span> <span class='ocrx_word' id='word_1_80' title='bbox 1169 1254 1268 1319; x_wconf 90' lang='lat' dir='ltr'><strong>posse</strong></span> <span class='ocrx_word' id='word_1_81' title='bbox 1288 1231 1422 1296; x_wconf 80' lang='lat' dir='ltr'><strong>delendi</strong></span> <span class='ocrx_word' id='word_1_82' title='bbox 1441 1234 1503 1296; x_wconf 89' lang='lat' dir='ltr'><strong>nisi</strong></span> <span class='ocrx_word' id='word_1_83' title='bbox 1525 1233 1581 1315; x_wconf 90' lang='lat' dir='ltr'><strong>itu,</strong></span> <span class='ocrx_word' id='word_1_84' title='bbox 1601 1242 1638 1297; x_wconf 91' lang='lat' dir='ltr'><strong>ut</strong></span> <span class='ocrx_word' id='word_1_85' title='bbox 1661 1243 1736 1318; x_wconf 93' lang='lat' dir='ltr'><strong>post</strong></span> <span class='ocrx_word' id='word_1_86' title='bbox 1753 1234 1919 1316; x_wconf 78' lang='grc' dir='ltr'><strong><em>ὑπέμενον</em></strong></span> 
     </span>
     <span class='ocr_line' id='line_1_8' title="bbox 220 1350 1912 1438; baseline 0.001 -22"><span class='ocrx_word' id='word_1_87' title='bbox 220 1350 330 1432; x_wconf 88' lang='lat' dir='ltr'><strong>colon,</strong></span> <span class='ocrx_word' id='word_1_88' title='bbox 355 1360 430 1438; x_wconf 89' lang='lat' dir='ltr'><strong>post</strong></span> <span class='ocrx_word' id='word_1_89' title='bbox 452 1352 622 1434; x_wconf 71' lang='grc' dir='ltr'><strong><em>γενήσεται</em></strong></span> <span class='ocrx_word' id='word_1_90' title='bbox 647 1350 873 1436; x_wconf 87' lang='lat' dir='ltr'><strong>interrogandi</strong></span> <span class='ocrx_word' id='word_1_91' title='bbox 899 1351 1029 1436; x_wconf 86' lang='lat' dir='ltr'><strong>signum</strong></span> <span class='ocrx_word' id='word_1_92' title='bbox 1055 1362 1207 1438; x_wconf 89' lang='lat' dir='ltr'><strong>ponatur.</strong></span> <span class='ocrx_word' id='word_1_93' title='bbox 1244 1352 1319 1416; x_wconf 89' lang='lat' dir='ltr'><strong>Non</strong></span> <span class='ocrx_word' id='word_1_94' title='bbox 1343 1361 1432 1416; x_wconf 91' lang='lat' dir='ltr'><strong>recte</strong></span> <span class='ocrx_word' id='word_1_95' title='bbox 1452 1351 1515 1417; x_wconf 88' lang='lat' dir='ltr'><strong>hoc</strong></span> <span class='ocrx_word' id='word_1_96' title='bbox 1535 1352 1625 1435; x_wconf 89' lang='lat' dir='ltr'><strong>fecit,</strong></span> <span class='ocrx_word' id='word_1_97' title='bbox 1650 1353 1685 1416; x_wconf 91' lang='lat' dir='ltr'><strong>ni</strong></span> <span class='ocrx_word' id='word_1_98' title='bbox 1704 1352 1811 1435; x_wconf 88' lang='lat' dir='ltr'><strong>fallor,</strong></span> <span class='ocrx_word' id='word_1_99' title='bbox 1836 1376 1912 1417; x_wconf 91' lang='lat' dir='ltr'><strong>nam</strong></span> 
     </span>
     <span class='ocr_line' id='line_1_9' title="bbox 222 1469 1918 1559; baseline 0 -21"><span class='ocrx_word' id='word_1_100' title='bbox 222 1469 472 1538; x_wconf 89' lang='lat' dir='ltr'><strong>Schoemannus</strong></span> <span class='ocrx_word' id='word_1_101' title='bbox 495 1470 537 1535; x_wconf 88' lang='lat' dir='ltr'><strong>ad</strong></span> <span class='ocrx_word' id='word_1_102' title='bbox 573 1470 661 1535; x_wconf 91' lang='lat' dir='ltr'><strong>hunc</strong></span> <span class='ocrx_word' id='word_1_103' title='bbox 686 1470 795 1538; x_wconf 92' lang='lat' dir='ltr'><strong>locum</strong></span> <span class='ocrx_word' id='word_1_104' title='bbox 831 1472 1014 1558; x_wconf 91' lang='lat' dir='ltr'><strong>optativum</strong></span> <span class='ocrx_word' id='word_1_105' title='bbox 1045 1473 1078 1535; x_wconf 91' lang='lat' dir='ltr'><strong>in</strong></span> <span class='ocrx_word' id='word_1_106' title='bbox 1104 1469 1203 1537; x_wconf 88' lang='lat' dir='ltr'><strong>simili</strong></span> <span class='ocrx_word' id='word_1_107' title='bbox 1228 1474 1397 1539; x_wconf 86' lang='lat' dir='ltr'><strong>enuntiato</strong></span> <span class='ocrx_word' id='word_1_108' title='bbox 1423 1473 1521 1536; x_wconf 84' lang='lat' dir='ltr'><strong>etiam</strong></span> <span class='ocrx_word' id='word_1_109' title='bbox 1539 1471 1629 1559; x_wconf 92' lang='lat' dir='ltr'><strong>apud</strong></span> <span class='ocrx_word' id='word_1_110' title='bbox 1651 1471 1861 1551; x_wconf 83' lang='lat' dir='ltr'><strong>Platonem*)</strong></span> <span class='ocrx_word' id='word_1_111' title='bbox 1884 1483 1918 1538; x_wconf 91' lang='lat' dir='ltr'><strong>et</strong></span> 
     </span>
     <span class='ocr_line' id='line_1_10' title="bbox 220 1589 1914 1679; baseline 0.001 -25"><span class='ocrx_word' id='word_1_112' title='bbox 220 1589 416 1676; x_wconf 86' lang='lat' dir='ltr'><strong>Lysiam**)</strong></span> <span class='ocrx_word' id='word_1_113' title='bbox 454 1612 630 1655; x_wconf 90' lang='lat' dir='ltr'><strong>occurrere</strong></span> <span class='ocrx_word' id='word_1_114' title='bbox 663 1590 773 1657; x_wconf 90' lang='lat' dir='ltr'><strong>docet.</strong></span> <span class='ocrx_word' id='word_1_115' title='bbox 825 1591 943 1677; x_wconf 83' lang='lat' dir='ltr'>Neque</span> <span class='ocrx_word' id='word_1_116' title='bbox 976 1590 1014 1655; x_wconf 84' lang='grc' dir='ltr'><strong>οὐ</strong></span> <span class='ocrx_word' id='word_1_117' title='bbox 1046 1592 1222 1675; x_wconf 85' lang='lat' dir='ltr'><strong>negatione</strong></span> <span class='ocrx_word' id='word_1_118' title='bbox 1254 1592 1289 1654; x_wconf 92' lang='lat' dir='ltr'><strong>in</strong></span> <span class='ocrx_word' id='word_1_119' title='bbox 1321 1591 1481 1655; x_wconf 89' lang='lat' dir='ltr'><strong>enuntiati</strong></span> <span class='ocrx_word' id='word_1_120' title='bbox 1515 1591 1756 1657; x_wconf 80' lang='lat' dir='ltr'><strong>condicionalis</strong></span> <span class='ocrx_word' id='word_1_121' title='bbox 1788 1593 1914 1679; x_wconf 79' lang='lat' dir='ltr'><strong>protasi</strong></span> 
     </span>
     <span class='ocr_line' id='line_1_11' title="bbox 221 1707 1916 1798; baseline 0.001 -24"><span class='ocrx_word' id='word_1_122' title='bbox 221 1708 384 1775; x_wconf 88' lang='lat' dir='ltr'><strong>collocata</strong></span> <span class='ocrx_word' id='word_1_123' title='bbox 403 1707 613 1793; x_wconf 85' lang='lat' dir='ltr'><strong>offendimur,</strong></span> <span class='ocrx_word' id='word_1_124' title='bbox 642 1732 717 1775; x_wconf 89' lang='lat' dir='ltr'><strong>cum</strong></span> <span class='ocrx_word' id='word_1_125' title='bbox 747 1712 921 1798; x_wconf 88' lang='lat' dir='ltr'><strong>aprotasi,</strong></span> <span class='ocrx_word' id='word_1_126' title='bbox 947 1732 1031 1796; x_wconf 89' lang='lat' dir='ltr'><strong>quae</strong></span> <span class='ocrx_word' id='word_1_127' title='bbox 1051 1732 1072 1774; x_wconf 90' lang='lat' dir='ltr'><strong>a</strong></span> <span class='ocrx_word' id='word_1_128' title='bbox 1098 1708 1208 1775; x_wconf 89' lang='lat' dir='ltr'><strong>verbis</strong></span> <span class='ocrx_word' id='word_1_129' title='bbox 1232 1710 1409 1775; x_wconf 84' lang='lat' dir='ltr'><strong>affectuum</strong></span> <span class='ocrx_word' id='word_1_130' title='bbox 1430 1710 1563 1797; x_wconf 89' lang='lat' dir='ltr'><strong>pendet,</strong></span> <span class='ocrx_word' id='word_1_131' title='bbox 1587 1721 1786 1777; x_wconf 86' lang='lat' dir='ltr'><strong>structuram</strong></span> <span class='ocrx_word' id='word_1_132' title='bbox 1814 1733 1916 1776; x_wconf 90' lang='lat' dir='ltr'><strong>enun-</strong></span> 
     </span>
     <span class='ocr_line' id='line_1_12' title="bbox 220 1829 1671 1897; baseline 0.002 -3"><span class='ocrx_word' id='word_1_133' title='bbox 220 1830 371 1896; x_wconf 87' lang='lat' dir='ltr'><strong>tiatorum</strong></span> <span class='ocrx_word' id='word_1_134' title='bbox 395 1829 667 1895; x_wconf 84' lang='lat' dir='ltr'><strong>affirmativorum</strong></span> <span class='ocrx_word' id='word_1_135' title='bbox 690 1830 831 1895; x_wconf 89' lang='lat' dir='ltr'><strong>alienam</strong></span> <span class='ocrx_word' id='word_1_136' title='bbox 855 1853 920 1897; x_wconf 90' lang='lat' dir='ltr'><strong>non</strong></span> <span class='ocrx_word' id='word_1_137' title='bbox 945 1853 1018 1896; x_wconf 89' lang='lat' dir='ltr'><strong>esse</strong></span> <span class='ocrx_word' id='word_1_138' title='bbox 1042 1830 1128 1894; x_wconf 86' lang='lat' dir='ltr'><strong>infra</strong></span> <span class='ocrx_word' id='word_1_139' title='bbox 1150 1832 1338 1895; x_wconf 84' lang='lat' dir='ltr'><strong>accuratius</strong></span> <span class='ocrx_word' id='word_1_140' title='bbox 1363 1829 1535 1895; x_wconf 76' lang='lat' dir='ltr'><strong>disserturi</strong></span> <span class='ocrx_word' id='word_1_141' title='bbox 1558 1833 1671 1897; x_wconf 85' lang='lat' dir='ltr'><strong>simus.</strong></span> 
     </span>
    </p>

    <p class='ocr_par' dir='ltr' id='par_1_3' title="bbox 223 1947 1919 3355">
     <span class='ocr_line' id='line_1_13' title="bbox 376 1947 1912 2038; baseline 0.001 -25"><span class='ocrx_word' id='word_1_142' title='bbox 376 1949 473 2014; x_wconf 90' lang='lat' dir='ltr'><strong>Nunc</strong></span> <span class='ocrx_word' id='word_1_143' title='bbox 503 1971 583 2013; x_wconf 89' lang='lat' dir='ltr'><strong>vero</strong></span> <span class='ocrx_word' id='word_1_144' title='bbox 615 1947 793 2014; x_wconf 90' lang='lat' dir='ltr'><strong>dicendum</strong></span> <span class='ocrx_word' id='word_1_145' title='bbox 827 1960 877 2015; x_wconf 91' lang='lat' dir='ltr'><strong>est</strong></span> <span class='ocrx_word' id='word_1_146' title='bbox 900 1949 942 2014; x_wconf 91' lang='lat' dir='ltr'><strong>de</strong></span> <span class='ocrx_word' id='word_1_147' title='bbox 965 1951 1006 2015; x_wconf 91' lang='lat' dir='ltr'><strong>iis</strong></span> <span class='ocrx_word' id='word_1_148' title='bbox 1029 1947 1319 2016; x_wconf 90' lang='lat' dir='ltr'><strong>condicionalibue</strong></span> <span class='ocrx_word' id='word_1_149' title='bbox 1342 1951 1541 2032; x_wconf 82' lang='lat' dir='ltr'><strong>enuntiatis,</strong></span> <span class='ocrx_word' id='word_1_150' title='bbox 1566 1974 1706 2038; x_wconf 90' lang='lat' dir='ltr'><strong>qnorum</strong></span> <span class='ocrx_word' id='word_1_151' title='bbox 1729 1952 1764 2015; x_wconf 94' lang='lat' dir='ltr'><strong>in</strong></span> <span class='ocrx_word' id='word_1_152' title='bbox 1786 1952 1912 2038; x_wconf 88' lang='lat' dir='ltr'><strong>protasi</strong></span> 
     </span>
     <span class='ocr_line' id='line_1_14' title="bbox 224 2066 1918 2157; baseline 0.001 -24"><span class='ocrx_word' id='word_1_153' title='bbox 224 2068 364 2155; x_wconf 87' lang='lat' dir='ltr'><strong>perlecti</strong></span> <span class='ocrx_word' id='word_1_154' title='bbox 388 2066 589 2135; x_wconf 87' lang='lat' dir='ltr'><strong>indicativus</strong></span> <span class='ocrx_word' id='word_1_155' title='bbox 614 2079 732 2134; x_wconf 85' lang='lat' dir='ltr'><strong>exstat.</strong></span> <span class='ocrx_word' id='word_1_156' title='bbox 776 2068 951 2155; x_wconf 81' lang='lat' dir='ltr'><strong>Ejusmodi</strong></span> <span class='ocrx_word' id='word_1_157' title='bbox 976 2069 1221 2135; x_wconf 88' lang='lat' dir='ltr'><strong>enuntiatorum</strong></span> <span class='ocrx_word' id='word_1_158' title='bbox 1244 2068 1399 2157; x_wconf 85' lang='lat' dir='ltr'><strong>exempla</strong></span> <span class='ocrx_word' id='word_1_159' title='bbox 1420 2080 1497 2134; x_wconf 89' lang='lat' dir='ltr'><strong>sunt</strong></span> <span class='ocrx_word' id='word_1_160' title='bbox 1519 2093 1638 2157; x_wconf 89' lang='lat' dir='ltr'><strong>pauca,</strong></span> <span class='ocrx_word' id='word_1_161' title='bbox 1664 2070 1753 2156; x_wconf 91' lang='lat' dir='ltr'><strong>quod</strong></span> <span class='ocrx_word' id='word_1_162' title='bbox 1775 2093 1843 2137; x_wconf 90' lang='lat' dir='ltr'><strong>non</strong></span> <span class='ocrx_word' id='word_1_163' title='bbox 1867 2080 1918 2135; x_wconf 92' lang='lat' dir='ltr'><strong>est</strong></span> 
     </span>
     <span class='ocr_line' id='line_1_15' title="bbox 225 2186 1918 2276; baseline 0.002 -25"><span class='ocrx_word' id='word_1_164' title='bbox 225 2187 429 2268; x_wconf 89' lang='lat' dir='ltr'><strong>mirandum,</strong></span> <span class='ocrx_word' id='word_1_165' title='bbox 468 2190 625 2275; x_wconf 88' lang='lat' dir='ltr'><strong>quoniam</strong></span> <span class='ocrx_word' id='word_1_166' title='bbox 658 2186 781 2254; x_wconf 84' lang='lat' dir='ltr'><strong>Graeci</strong></span> <span class='ocrx_word' id='word_1_167' title='bbox 821 2188 970 2275; x_wconf 87' lang='lat' dir='ltr'><strong>perfecto</strong></span> <span class='ocrx_word' id='word_1_168' title='bbox 1010 2189 1143 2255; x_wconf 92' lang='lat' dir='ltr'><strong>omnino</strong></span> <span class='ocrx_word' id='word_1_169' title='bbox 1175 2189 1282 2254; x_wconf 88' lang='lat' dir='ltr'><strong>rarius</strong></span> <span class='ocrx_word' id='word_1_170' title='bbox 1315 2211 1412 2275; x_wconf 88' lang='lat' dir='ltr'><strong>quam</strong></span> <span class='ocrx_word' id='word_1_171' title='bbox 1446 2189 1585 2255; x_wconf 85' lang='lat' dir='ltr'><strong>Romani</strong></span> <span class='ocrx_word' id='word_1_172' title='bbox 1616 2198 1763 2256; x_wconf 86' lang='lat' dir='ltr'><strong>utuntur.</strong></span> <span class='ocrx_word' id='word_1_173' title='bbox 1816 2188 1918 2276; x_wconf 88' lang='lat' dir='ltr'><strong>Apud</strong></span> 
     </span>
     <span class='ocr_line' id='line_1_16' title="bbox 225 2306 1918 2396; baseline 0.001 -25"><span class='ocrx_word' id='word_1_174' title='bbox 225 2306 373 2374; x_wconf 84' lang='lat' dir='ltr'><strong>Graecos</strong></span> <span class='ocrx_word' id='word_1_175' title='bbox 405 2309 492 2372; x_wconf 91' lang='lat' dir='ltr'><strong>enim</strong></span> <span class='ocrx_word' id='word_1_176' title='bbox 525 2310 667 2375; x_wconf 88' lang='lat' dir='ltr'><strong>aoristus</strong></span> <span class='ocrx_word' id='word_1_177' title='bbox 691 2309 913 2375; x_wconf 85' lang='lat' dir='ltr'><strong>Romanorum</strong></span> <span class='ocrx_word' id='word_1_178' title='bbox 937 2308 1079 2396; x_wconf 91' lang='lat' dir='ltr'><strong>perfecti</strong></span> <span class='ocrx_word' id='word_1_179' title='bbox 1102 2331 1222 2374; x_wconf 89' lang='lat' dir='ltr'><strong>munus</strong></span> <span class='ocrx_word' id='word_1_180' title='bbox 1245 2330 1365 2394; x_wconf 86' lang='lat' dir='ltr'><strong>magna</strong></span> <span class='ocrx_word' id='word_1_181' title='bbox 1388 2331 1431 2372; x_wconf 83' lang='lat' dir='ltr'><strong>ex</strong></span> <span class='ocrx_word' id='word_1_182' title='bbox 1454 2318 1548 2395; x_wconf 91' lang='lat' dir='ltr'><strong>parte</strong></span> <span class='ocrx_word' id='word_1_183' title='bbox 1571 2310 1729 2396; x_wconf 88' lang='lat' dir='ltr'><strong>suscepit.</strong></span> <span class='ocrx_word' id='word_1_184' title='bbox 1775 2307 1918 2374; x_wconf 85' lang='lat' dir='ltr'><strong>Accedit</strong></span> 
     </span>
     <span class='ocr_line' id='line_1_17' title="bbox 225 2425 1917 2515; baseline 0.002 -25"><span class='ocrx_word' id='word_1_185' title='bbox 225 2425 313 2513; x_wconf 93' lang='lat' dir='ltr'><strong>quod</strong></span> <span class='ocrx_word' id='word_1_186' title='bbox 338 2450 391 2492; x_wconf 88' lang='lat' dir='ltr'><strong>res</strong></span> <span class='ocrx_word' id='word_1_187' title='bbox 415 2426 513 2514; x_wconf 90' lang='lat' dir='ltr'><strong>plane</strong></span> <span class='ocrx_word' id='word_1_188' title='bbox 537 2430 687 2515; x_wconf 89' lang='lat' dir='ltr'><strong>perfecta</strong></span> <span class='ocrx_word' id='word_1_189' title='bbox 709 2428 902 2496; x_wconf 90' lang='lat' dir='ltr'><strong>condicioni</strong></span> <span class='ocrx_word' id='word_1_190' title='bbox 921 2430 1028 2493; x_wconf 89' lang='lat' dir='ltr'><strong>rarius</strong></span> <span class='ocrx_word' id='word_1_191' title='bbox 1047 2426 1271 2514; x_wconf 83' lang='lat' dir='ltr'><strong>subjungitur,</strong></span> <span class='ocrx_word' id='word_1_192' title='bbox 1296 2450 1393 2515; x_wconf 92' lang='lat' dir='ltr'><strong>quam</strong></span> <span class='ocrx_word' id='word_1_193' title='bbox 1413 2451 1466 2492; x_wconf 92' lang='lat' dir='ltr'><strong>res</strong></span> <span class='ocrx_word' id='word_1_194' title='bbox 1486 2438 1679 2515; x_wconf 88' lang='lat' dir='ltr'><strong>praesentes</strong></span> <span class='ocrx_word' id='word_1_195' title='bbox 1699 2439 1756 2494; x_wconf 89' lang='lat' dir='ltr'><strong>ant</strong></span> <span class='ocrx_word' id='word_1_196' title='bbox 1774 2429 1917 2512; x_wconf 86' lang='lat' dir='ltr'><strong>futurae,</strong></span> 
     </span>
     <span class='ocr_line' id='line_1_18' title="bbox 225 2545 1918 2636; baseline 0.002 -27"><span class='ocrx_word' id='word_1_197' title='bbox 225 2568 310 2631; x_wconf 91' lang='lat' dir='ltr'><strong>quae</strong></span> <span class='ocrx_word' id='word_1_198' title='bbox 334 2546 499 2632; x_wconf 90' lang='lat' dir='ltr'><strong>quomodo</strong></span> <span class='ocrx_word' id='word_1_199' title='bbox 523 2559 702 2614; x_wconf 87' lang='lat' dir='ltr'><strong>eventurae</strong></span> <span class='ocrx_word' id='word_1_200' title='bbox 725 2550 792 2614; x_wconf 91' lang='lat' dir='ltr'><strong>sint</strong></span> <span class='ocrx_word' id='word_1_201' title='bbox 814 2549 944 2613; x_wconf 89' lang='lat' dir='ltr'><strong>nescire</strong></span> <span class='ocrx_word' id='word_1_202' title='bbox 963 2570 1150 2634; x_wconf 92' lang='lat' dir='ltr'><strong>possumus.</strong></span> <span class='ocrx_word' id='word_1_203' title='bbox 1197 2548 1273 2630; x_wconf 83' lang='lat' dir='ltr'><strong>Quo</strong></span> <span class='ocrx_word' id='word_1_204' title='bbox 1292 2549 1339 2632; x_wconf 84' lang='lat' dir='ltr'><strong>fit,</strong></span> <span class='ocrx_word' id='word_1_205' title='bbox 1364 2559 1400 2613; x_wconf 91' lang='lat' dir='ltr'><strong>ut</strong></span> <span class='ocrx_word' id='word_1_206' title='bbox 1419 2545 1483 2613; x_wconf 89' lang='lat' dir='ltr'><strong>duo</strong></span> <span class='ocrx_word' id='word_1_207' title='bbox 1504 2547 1592 2635; x_wconf 85' lang='lat' dir='ltr'><strong>apud</strong></span> <span class='ocrx_word' id='word_1_208' title='bbox 1613 2549 1743 2614; x_wconf 89' lang='lat' dir='ltr'><strong>Isaeum</strong></span> <span class='ocrx_word' id='word_1_209' title='bbox 1764 2548 1918 2636; x_wconf 85' lang='lat' dir='ltr'><strong>exempla</strong></span> 
     </span>
     <span class='ocr_line' id='line_1_19' title="bbox 224 2665 1917 2756; baseline 0.003 -28"><span class='ocrx_word' id='word_1_210' title='bbox 224 2665 450 2751; x_wconf 90' lang='lat' dir='ltr'><strong>reperiantur,</strong></span> <span class='ocrx_word' id='word_1_211' title='bbox 484 2689 623 2753; x_wconf 90' lang='lat' dir='ltr'><strong>quorum</strong></span> <span class='ocrx_word' id='word_1_212' title='bbox 651 2668 785 2733; x_wconf 90' lang='lat' dir='ltr'><strong>alterius</strong></span> <span class='ocrx_word' id='word_1_213' title='bbox 813 2669 846 2732; x_wconf 93' lang='lat' dir='ltr'><strong>in</strong></span> <span class='ocrx_word' id='word_1_214' title='bbox 872 2665 1011 2754; x_wconf 91' lang='lat' dir='ltr'><strong>apodosi</strong></span> <span class='ocrx_word' id='word_1_215' title='bbox 1035 2677 1165 2755; x_wconf 89' lang='lat' dir='ltr'><strong>tempus</strong></span> <span class='ocrx_word' id='word_1_216' title='bbox 1188 2691 1263 2733; x_wconf 89' lang='lat' dir='ltr'><strong>cnm</strong></span> <span class='ocrx_word' id='word_1_217' title='bbox 1287 2669 1411 2756; x_wconf 87' lang='lat' dir='ltr'><strong>protasi</strong></span> <span class='ocrx_word' id='word_1_218' title='bbox 1435 2669 1600 2752; x_wconf 87' lang='lat' dir='ltr'><strong>congruit,</strong></span> <span class='ocrx_word' id='word_1_219' title='bbox 1625 2666 1669 2734; x_wconf 86' lang='lat' dir='ltr'><strong>cf.</strong></span> <span class='ocrx_word' id='word_1_220' title='bbox 1694 2669 1770 2750; x_wconf 92' lang='lat' dir='ltr'><strong>VII,</strong></span> <span class='ocrx_word' id='word_1_221' title='bbox 1786 2670 1835 2753; x_wconf 80' lang='lat'><strong>12,</strong></span> <span class='ocrx_word' id='word_1_222' title='bbox 1859 2667 1917 2734; x_wconf 90' lang='lat' dir='ltr'><strong>ubi</strong></span> 
     </span>
     <span class='ocr_line' id='line_1_20' title="bbox 224 2783 1918 2876; baseline 0.004 -28"><span class='ocrx_word' id='word_1_223' title='bbox 224 2783 310 2849; x_wconf 90' lang='lat' dir='ltr'><strong>duae</strong></span> <span class='ocrx_word' id='word_1_224' title='bbox 330 2784 546 2853; x_wconf 91' lang='lat' dir='ltr'><strong>condiciones</strong></span> <span class='ocrx_word' id='word_1_225' title='bbox 565 2786 682 2852; x_wconf 83' lang='grc' dir='ltr'><strong><em>εἴτε-</em></strong></span> <span class='ocrx_word' id='word_1_226' title='bbox 700 2788 766 2853; x_wconf 81' lang='grc' dir='ltr'><strong><em>εἴτε</em></strong></span> <span class='ocrx_word' id='word_1_227' title='bbox 784 2787 956 2876; x_wconf 91' lang='lat' dir='ltr'><strong>particulis</strong></span> <span class='ocrx_word' id='word_1_228' title='bbox 976 2787 1221 2875; x_wconf 87' lang='lat' dir='ltr'><strong>disjunguntur.</strong></span> <span class='ocrx_word' id='word_1_229' title='bbox 1259 2789 1299 2852; x_wconf 92' lang='lat' dir='ltr'><strong>In</strong></span> <span class='ocrx_word' id='word_1_230' title='bbox 1317 2787 1452 2853; x_wconf 88' lang='lat' dir='ltr'><strong>alterius</strong></span> <span class='ocrx_word' id='word_1_231' title='bbox 1471 2786 1610 2874; x_wconf 93' lang='lat' dir='ltr'><strong>apodosi</strong></span> <span class='ocrx_word' id='word_1_232' title='bbox 1627 2788 1701 2871; x_wconf 89' lang='lat' dir='ltr'><strong>(IX,</strong></span> <span class='ocrx_word' id='word_1_233' title='bbox 1713 2789 1746 2866; x_wconf 82' lang='lat'><strong>9)</strong></span> <span class='ocrx_word' id='word_1_234' title='bbox 1759 2811 1918 2875; x_wconf 89' lang='lat' dir='ltr'><strong>praesens</strong></span> 
     </span>
     <span class='ocr_line' id='line_1_21' title="bbox 223 2903 1917 2997; baseline 0.004 -29"><span class='ocrx_word' id='word_1_235' title='bbox 223 2903 318 2969; x_wconf 92' lang='lat' dir='ltr'><strong>verbi</strong></span> <span class='ocrx_word' id='word_1_236' title='bbox 342 2905 523 2994; x_wconf 89' lang='lat' dir='ltr'><strong>copulativi</strong></span> <span class='ocrx_word' id='word_1_237' title='bbox 546 2910 734 2992; x_wconf 75' lang='grc' dir='ltr'><strong><em>φαίνεσθαι</em></strong></span> <span class='ocrx_word' id='word_1_238' title='bbox 757 2930 831 2972; x_wconf 91' lang='lat' dir='ltr'><strong>cum</strong></span> <span class='ocrx_word' id='word_1_239' title='bbox 855 2909 1033 2997; x_wconf 90' lang='lat' dir='ltr'><strong>participio</strong></span> <span class='ocrx_word' id='word_1_240' title='bbox 1057 2908 1172 2973; x_wconf 91' lang='lat' dir='ltr'><strong>aoristi</strong></span> <span class='ocrx_word' id='word_1_241' title='bbox 1196 2908 1409 2994; x_wconf 88' lang='lat' dir='ltr'><strong>conjunctum</strong></span> <span class='ocrx_word' id='word_1_242' title='bbox 1433 2908 1530 2991; x_wconf 90' lang='lat' dir='ltr'><strong>inest,</strong></span> <span class='ocrx_word' id='word_1_243' title='bbox 1556 2930 1642 2993; x_wconf 89' lang='lat' dir='ltr'><strong>quae</strong></span> <span class='ocrx_word' id='word_1_244' title='bbox 1665 2907 1807 2973; x_wconf 88' lang='lat' dir='ltr'><strong>formula</strong></span> <span class='ocrx_word' id='word_1_245' title='bbox 1828 2906 1917 2974; x_wconf 90' lang='lat' dir='ltr'><strong>idem</strong></span> 
     </span>
     <span class='ocr_line' id='line_1_22' title="bbox 224 3024 1919 3115; baseline 0.002 -25"><span class='ocrx_word' id='word_1_246' title='bbox 224 3025 393 3109; x_wconf 83' lang='lat' dir='ltr'><strong>significat</strong></span> <span class='ocrx_word' id='word_1_247' title='bbox 415 3024 506 3113; x_wconf 90' lang='lat' dir='ltr'><strong>quod</strong></span> <span class='ocrx_word' id='word_1_248' title='bbox 529 3028 682 3109; x_wconf 87' lang='lat' dir='ltr'><strong>aoristua,</strong></span> <span class='ocrx_word' id='word_1_249' title='bbox 719 3036 754 3092; x_wconf 92' lang='lat' dir='ltr'><strong>ut</strong></span> <span class='ocrx_word' id='word_1_250' title='bbox 775 3029 966 3113; x_wconf 86' lang='lat' dir='ltr'><strong>germanice</strong></span> <span class='ocrx_word' id='word_1_251' title='bbox 990 3030 1036 3094; x_wconf 94' lang='lat' dir='ltr'><strong>ita</strong></span> <span class='ocrx_word' id='word_1_252' title='bbox 1058 3036 1242 3093; x_wconf 86' lang='lat' dir='ltr'><strong>vertamus:</strong></span> <span class='ocrx_word' id='word_1_253' title='bbox 1265 3027 1341 3091; x_wconf 89' lang='lat' dir='ltr'><strong>Nun</strong></span> <span class='ocrx_word' id='word_1_254' title='bbox 1366 3025 1447 3091; x_wconf 85' lang='lat' dir='ltr'><strong>aber</strong></span> <span class='ocrx_word' id='word_1_255' title='bbox 1469 3025 1525 3092; x_wconf 91' lang='lat' dir='ltr'><strong>hat</strong></span> <span class='ocrx_word' id='word_1_256' title='bbox 1546 3026 1743 3115; x_wconf 87' lang='lat' dir='ltr'><strong>Astyphilus</strong></span> <span class='ocrx_word' id='word_1_257' title='bbox 1767 3026 1919 3094; x_wconf 87' lang='lat' dir='ltr'><strong>offenbar</strong></span> 
     </span>
     <span class='ocr_line' id='line_1_23' title="bbox 223 3143 1918 3234; baseline 0.002 -25"><span class='ocrx_word' id='word_1_258' title='bbox 223 3166 289 3210; x_wconf 90' lang='lat' dir='ltr'><strong>von</strong></span> <span class='ocrx_word' id='word_1_259' title='bbox 313 3144 387 3210; x_wconf 87' lang='lat' dir='ltr'><strong>dem</strong></span> <span class='ocrx_word' id='word_1_260' title='bbox 411 3143 507 3210; x_wconf 85' lang='lat' dir='ltr'><strong>allam</strong></span> <span class='ocrx_word' id='word_1_261' title='bbox 532 3144 640 3211; x_wconf 91' lang='lat' dir='ltr'><strong>nichts</strong></span> <span class='ocrx_word' id='word_1_262' title='bbox 664 3146 796 3231; x_wconf 84' lang='lat' dir='ltr'><strong>gethan.</strong></span> <span class='ocrx_word' id='word_1_263' title='bbox 840 3147 1041 3213; x_wconf 86' lang='lat' dir='ltr'><strong>Differentia</strong></span> <span class='ocrx_word' id='word_1_264' title='bbox 1063 3148 1167 3234; x_wconf 88' lang='lat' dir='ltr'><strong>igitur</strong></span> <span class='ocrx_word' id='word_1_265' title='bbox 1188 3146 1373 3231; x_wconf 91' lang='lat' dir='ltr'><strong>modorum,</strong></span> <span class='ocrx_word' id='word_1_266' title='bbox 1399 3170 1484 3234; x_wconf 90' lang='lat' dir='ltr'><strong>quac</strong></span> <span class='ocrx_word' id='word_1_267' title='bbox 1508 3148 1595 3212; x_wconf 88' lang='lat' dir='ltr'><strong>inter</strong></span> <span class='ocrx_word' id='word_1_268' title='bbox 1617 3149 1765 3234; x_wconf 88' lang='lat' dir='ltr'><strong>protasin</strong></span> <span class='ocrx_word' id='word_1_269' title='bbox 1790 3157 1823 3212; x_wconf 87' lang='lat' dir='ltr'><strong>et</strong></span> <span class='ocrx_word' id='word_1_270' title='bbox 1840 3169 1918 3234; x_wconf 89' lang='lat' dir='ltr'><strong>apo-</strong></span> 
     </span>
     <span class='ocr_line' id='line_1_24' title="bbox 224 3262 1789 3355; baseline 0.004 -27"><span class='ocrx_word' id='word_1_271' title='bbox 224 3262 320 3330; x_wconf 88' lang='lat' dir='ltr'><strong>dosin</strong></span> <span class='ocrx_word' id='word_1_272' title='bbox 346 3275 406 3347; x_wconf 90' lang='lat' dir='ltr'><strong>est,</strong></span> <span class='ocrx_word' id='word_1_273' title='bbox 430 3266 478 3329; x_wconf 89' lang='lat' dir='ltr'><strong>ita</strong></span> <span class='ocrx_word' id='word_1_274' title='bbox 501 3264 703 3352; x_wconf 89' lang='lat' dir='ltr'><strong>explicanda</strong></span> <span class='ocrx_word' id='word_1_275' title='bbox 726 3277 785 3350; x_wconf 91' lang='lat' dir='ltr'><strong>est,</strong></span> <span class='ocrx_word' id='word_1_276' title='bbox 810 3278 847 3332; x_wconf 90' lang='lat' dir='ltr'><strong>ut</strong></span> <span class='ocrx_word' id='word_1_277' title='bbox 865 3267 998 3355; x_wconf 90' lang='lat' dir='ltr'><strong>ellipsin</strong></span> <span class='ocrx_word' id='word_1_278' title='bbox 1021 3277 1213 3349; x_wconf 87' lang='lat' dir='ltr'><strong>statuamus,</strong></span> <span class='ocrx_word' id='word_1_279' title='bbox 1239 3289 1324 3353; x_wconf 90' lang='lat' dir='ltr'><strong>quae</strong></span> <span class='ocrx_word' id='word_1_280' title='bbox 1349 3277 1399 3331; x_wconf 91' lang='lat' dir='ltr'><strong>est</strong></span> <span class='ocrx_word' id='word_1_281' title='bbox 1421 3270 1506 3345; x_wconf 72' lang='lat' dir='ltr'><strong>tayo</strong></span> <span class='ocrx_word' id='word_1_282' title='bbox 1530 3277 1586 3332; x_wconf 87' lang='lat' dir='ltr'><strong>aut</strong></span> <span class='ocrx_word' id='word_1_283' title='bbox 1608 3267 1673 3332; x_wconf 86' lang='lat' dir='ltr'><strong>tale</strong></span> <span class='ocrx_word' id='word_1_284' title='bbox 1697 3265 1789 3354; x_wconf 92' lang='lat' dir='ltr'><strong>quid.</strong></span> 
     </span>
    </p>

    <p class='ocr_par' dir='ltr' id='par_1_4' title="bbox 222 3384 1920 3953">
     <span class='ocr_line' id='line_1_25' title="bbox 378 3384 1918 3474; baseline 0.002 -26"><span class='ocrx_word' id='word_1_285' title='bbox 378 3384 559 3471; x_wconf 89' lang='lat' dir='ltr'><strong>Hucusque</strong></span> <span class='ocrx_word' id='word_1_286' title='bbox 583 3408 623 3450; x_wconf 89' lang='lat' dir='ltr'><strong>ea</strong></span> <span class='ocrx_word' id='word_1_287' title='bbox 646 3385 892 3452; x_wconf 89' lang='lat' dir='ltr'><strong>condicionalia</strong></span> <span class='ocrx_word' id='word_1_288' title='bbox 915 3389 1086 3452; x_wconf 87' lang='lat' dir='ltr'><strong>enuntiata</strong></span> <span class='ocrx_word' id='word_1_289' title='bbox 1105 3387 1303 3474; x_wconf 89' lang='lat' dir='ltr'><strong>perscrutati</strong></span> <span class='ocrx_word' id='word_1_290' title='bbox 1317 3409 1441 3469; x_wconf 91' lang='lat' dir='ltr'><strong>sumus,</strong></span> <span class='ocrx_word' id='word_1_291' title='bbox 1467 3408 1606 3473; x_wconf 92' lang='lat' dir='ltr'><strong>quorum</strong></span> <span class='ocrx_word' id='word_1_292' title='bbox 1622 3385 1778 3473; x_wconf 90' lang='lat' dir='ltr'><strong>apodosis</strong></span> <span class='ocrx_word' id='word_1_293' title='bbox 1796 3389 1827 3453; x_wconf 83' lang='grc' dir='ltr'><strong><em>εἰ</em></strong></span> <span class='ocrx_word' id='word_1_294' title='bbox 1845 3409 1918 3474; x_wconf 90' lang='lat' dir='ltr'><strong>par·</strong></span> 
     </span>
     <span class='ocr_line' id='line_1_26' title="bbox 222 3502 1920 3593; baseline 0.003 -25"><span class='ocrx_word' id='word_1_295' title='bbox 222 3502 326 3568; x_wconf 89' lang='lat' dir='ltr'><strong>ticula</strong></span> <span class='ocrx_word' id='word_1_296' title='bbox 357 3526 430 3569; x_wconf 91' lang='lat' dir='ltr'><strong>cum</strong></span> <span class='ocrx_word' id='word_1_297' title='bbox 459 3514 609 3591; x_wconf 89' lang='lat' dir='ltr'><strong>ternpore</strong></span> <span class='ocrx_word' id='word_1_298' title='bbox 641 3507 797 3592; x_wconf 87' lang='lat' dir='ltr'><strong>primario</strong></span> <span class='ocrx_word' id='word_1_299' title='bbox 830 3507 955 3573; x_wconf 91' lang='lat' dir='ltr'><strong>sociata</strong></span> <span class='ocrx_word' id='word_1_300' title='bbox 989 3508 1165 3591; x_wconf 81' lang='lat' dir='ltr'><strong>formatur3</strong></span> <span class='ocrx_word' id='word_1_301' title='bbox 1198 3508 1347 3593; x_wconf 90' lang='lat' dir='ltr'><strong>seqnitur</strong></span> <span class='ocrx_word' id='word_1_302' title='bbox 1378 3529 1457 3571; x_wconf 88' lang='lat' dir='ltr'><strong>usus</strong></span> <span class='ocrx_word' id='word_1_303' title='bbox 1480 3508 1725 3573; x_wconf 87' lang='lat' dir='ltr'><strong>enuntiatorum</strong></span> <span class='ocrx_word' id='word_1_304' title='bbox 1749 3505 1920 3574; x_wconf 92' lang='lat' dir='ltr'><strong>condicio·</strong></span> 
     </span>
     <span class='ocr_line' id='line_1_27' title="bbox 224 3621 1917 3713; baseline 0.004 -28"><span class='ocrx_word' id='word_1_305' title='bbox 224 3621 365 3703; x_wconf 91' lang='lat' dir='ltr'><strong>nalium,</strong></span> <span class='ocrx_word' id='word_1_306' title='bbox 395 3646 533 3710; x_wconf 89' lang='lat' dir='ltr'><strong>quorum</strong></span> <span class='ocrx_word' id='word_1_307' title='bbox 557 3626 592 3689; x_wconf 91' lang='lat' dir='ltr'><strong>in</strong></span> <span class='ocrx_word' id='word_1_308' title='bbox 615 3626 740 3712; x_wconf 89' lang='lat' dir='ltr'><strong>protasi</strong></span> <span class='ocrx_word' id='word_1_309' title='bbox 764 3634 915 3712; x_wconf 88' lang='lat' dir='ltr'><strong>tempora</strong></span> <span class='ocrx_word' id='word_1_310' title='bbox 937 3627 1117 3713; x_wconf 88' lang='lat' dir='ltr'><strong>praeterita</strong></span> <span class='ocrx_word' id='word_1_311' title='bbox 1139 3627 1262 3692; x_wconf 90' lang='lat' dir='ltr'><strong>insunt.</strong></span> <span class='ocrx_word' id='word_1_312' title='bbox 1308 3625 1402 3690; x_wconf 91' lang='lat' dir='ltr'><strong>Haec</strong></span> <span class='ocrx_word' id='word_1_313' title='bbox 1427 3628 1596 3690; x_wconf 89' lang='lat' dir='ltr'><strong>enuntiata</strong></span> <span class='ocrx_word' id='word_1_314' title='bbox 1618 3624 1660 3690; x_wconf 94' lang='lat' dir='ltr'><strong>ab</strong></span> <span class='ocrx_word' id='word_1_315' title='bbox 1685 3627 1743 3709; x_wconf 91' lang='lat' dir='ltr'><strong>iis,</strong></span> <span class='ocrx_word' id='word_1_316' title='bbox 1777 3649 1917 3713; x_wconf 90' lang='lat' dir='ltr'><strong>quornm</strong></span> 
     </span>
     <span class='ocr_line' id='line_1_28' title="bbox 225 3742 1920 3833; baseline 0.002 -27"><span class='ocrx_word' id='word_1_317' title='bbox 225 3742 370 3829; x_wconf 88' lang='lat' dir='ltr'><strong>protasis</strong></span> <span class='ocrx_word' id='word_1_318' title='bbox 393 3765 552 3830; x_wconf 88' lang='lat' dir='ltr'><strong>praesens</strong></span> <span class='ocrx_word' id='word_1_319' title='bbox 575 3742 725 3832; x_wconf 90' lang='lat' dir='ltr'><strong>praebet,</strong></span> <span class='ocrx_word' id='word_1_320' title='bbox 756 3744 923 3828; x_wconf 85' lang='lat' dir='ltr'><strong>differunt,</strong></span> <span class='ocrx_word' id='word_1_321' title='bbox 955 3757 1118 3833; x_wconf 89' lang='lat' dir='ltr'><strong>qnatenus</strong></span> <span class='ocrx_word' id='word_1_322' title='bbox 1143 3748 1276 3812; x_wconf 89' lang='lat' dir='ltr'><strong>omnino</strong></span> <span class='ocrx_word' id='word_1_323' title='bbox 1300 3767 1459 3831; x_wconf 91' lang='lat' dir='ltr'><strong>praesens</strong></span> <span class='ocrx_word' id='word_1_324' title='bbox 1483 3768 1503 3809; x_wconf 91' lang='lat' dir='ltr'><strong>a</strong></span> <span class='ocrx_word' id='word_1_325' title='bbox 1525 3747 1704 3832; x_wconf 90' lang='lat' dir='ltr'><strong>praeterito</strong></span> <span class='ocrx_word' id='word_1_326' title='bbox 1728 3743 1849 3829; x_wconf 85' lang='lat' dir='ltr'><strong>differt,</strong></span> <span class='ocrx_word' id='word_1_327' title='bbox 1874 3762 1920 3811; x_wconf 85' lang='lat' dir='ltr'><strong>at-</strong></span> 
     </span>
     <span class='ocr_line' id='line_1_29' title="bbox 223 3862 1919 3953; baseline 0.002 -26"><span class='ocrx_word' id='word_1_328' title='bbox 223 3884 288 3948; x_wconf 93' lang='lat' dir='ltr'><strong>que</strong></span> <span class='ocrx_word' id='word_1_329' title='bbox 319 3862 550 3951; x_wconf 80' lang='lat' dir='ltr'><strong>imperfectum</strong></span> <span class='ocrx_word' id='word_1_330' title='bbox 595 3862 637 3929; x_wconf 87' lang='lat' dir='ltr'><strong>ab</strong></span> <span class='ocrx_word' id='word_1_331' title='bbox 670 3867 793 3931; x_wconf 90' lang='lat' dir='ltr'><strong>aoristo</strong></span> <span class='ocrx_word' id='word_1_332' title='bbox 826 3888 864 3930; x_wconf 92' lang='lat' dir='ltr'><strong>eo</strong></span> <span class='ocrx_word' id='word_1_333' title='bbox 893 3864 1078 3953; x_wconf 89' lang='lat' dir='ltr'><strong>discrepat,</strong></span> <span class='ocrx_word' id='word_1_334' title='bbox 1117 3865 1206 3952; x_wconf 87' lang='lat' dir='ltr'><strong>quod</strong></span> <span class='ocrx_word' id='word_1_335' title='bbox 1241 3864 1472 3952; x_wconf 87' lang='lat' dir='ltr'><strong>imperfectum</strong></span> <span class='ocrx_word' id='word_1_336' title='bbox 1509 3863 1604 3929; x_wconf 90' lang='lat' dir='ltr'><strong>verbi</strong></span> <span class='ocrx_word' id='word_1_337' title='bbox 1642 3867 1807 3932; x_wconf 89' lang='lat' dir='ltr'><strong>actionem</strong></span> <span class='ocrx_word' id='word_1_338' title='bbox 1846 3888 1919 3931; x_wconf 89' lang='lat' dir='ltr'><strong>esse</strong></span> 
     </span>
    </p>
   </div>
   <div class='ocr_carea' id='block_1_3' title="bbox 225 3970 1984 4071">
    <p class='ocr_par' dir='ltr' id='par_1_5' title="bbox 225 3970 1984 4071">
     <span class='ocr_line' id='line_1_30' title="bbox 225 3970 1984 4071; baseline 0.003 -26"><span class='ocrx_word' id='word_1_339' title='bbox 225 3980 399 4048; x_wconf 91' lang='lat' dir='ltr'><strong>durantem</strong></span> <span class='ocrx_word' id='word_1_340' title='bbox 429 3983 483 4048; x_wconf 89' lang='lat' dir='ltr'><strong>vel</strong></span> <span class='ocrx_word' id='word_1_341' title='bbox 512 3989 644 4071; x_wconf 87' lang='lat' dir='ltr'><strong>saepius</strong></span> <span class='ocrx_word' id='word_1_342' title='bbox 674 3985 849 4071; x_wconf 87' lang='lat' dir='ltr'><strong>repetitam</strong></span> <span class='ocrx_word' id='word_1_343' title='bbox 880 3986 1058 4071; x_wconf 85' lang='lat' dir='ltr'><strong>significet,</strong></span> <span class='ocrx_word' id='word_1_344' title='bbox 1092 3987 1233 4050; x_wconf 84' lang='lat' dir='ltr'><strong>aoristns</strong></span> <span class='ocrx_word' id='word_1_345' title='bbox 1265 3982 1392 4070; x_wconf 88' lang='lat' dir='ltr'><strong>aliquid</strong></span> <span class='ocrx_word' id='word_1_346' title='bbox 1415 3985 1539 4049; x_wconf 85' lang='lat' dir='ltr'><strong>factum</strong></span> <span class='ocrx_word' id='word_1_347' title='bbox 1563 4008 1635 4051; x_wconf 90' lang='lat' dir='ltr'><strong>esse</strong></span> <span class='ocrx_word' id='word_1_348' title='bbox 1658 3984 1753 4050; x_wconf 89' lang='lat' dir='ltr'><strong>verbi</strong></span> <span class='ocrx_word' id='word_1_349' title='bbox 1777 3986 1918 4051; x_wconf 88' lang='lat' dir='ltr'><strong>actionis</strong></span> <span class='ocrx_word' id='word_1_350' title='bbox 1981 3970 1984 3975; x_wconf 37' lang='lat'>⁵</span> 
     </span>
    </p>
   </div>
   <div class='ocr_carea' id='block_1_4' title="bbox 218 4100 1921 4670">
    <p class='ocr_par' dir='ltr' id='par_1_6' title="bbox 218 4100 1921 4670">
     <span class='ocr_line' id='line_1_31' title="bbox 222 4100 1920 4190; baseline 0.003 -25"><span class='ocrx_word' id='word_1_351' title='bbox 222 4100 276 4166; x_wconf 90' lang='lat' dir='ltr'><strong>vel</strong></span> <span class='ocrx_word' id='word_1_352' title='bbox 305 4105 464 4190; x_wconf 89' lang='lat' dir='ltr'><strong>temporis</strong></span> <span class='ocrx_word' id='word_1_353' title='bbox 493 4105 620 4171; x_wconf 91' lang='lat' dir='ltr'><strong>ratione</strong></span> <span class='ocrx_word' id='word_1_354' title='bbox 650 4127 717 4170; x_wconf 90' lang='lat' dir='ltr'><strong>non</strong></span> <span class='ocrx_word' id='word_1_355' title='bbox 747 4102 862 4169; x_wconf 87' lang='lat' dir='ltr'><strong>habita</strong></span> <span class='ocrx_word' id='word_1_356' title='bbox 883 4104 1021 4170; x_wconf 87' lang='lat' dir='ltr'><strong>indicat.</strong></span> <span class='ocrx_word' id='word_1_357' title='bbox 1068 4105 1176 4169; x_wconf 83' lang='lat' dir='ltr'><strong>Etiam</strong></span> <span class='ocrx_word' id='word_1_358' title='bbox 1199 4103 1298 4190; x_wconf 90' lang='lat' dir='ltr'><strong>hujus</strong></span> <span class='ocrx_word' id='word_1_359' title='bbox 1321 4106 1454 4189; x_wconf 88' lang='lat' dir='ltr'><strong>generis</strong></span> <span class='ocrx_word' id='word_1_360' title='bbox 1478 4106 1722 4171; x_wconf 90' lang='lat' dir='ltr'><strong>enuntiatorum</strong></span> <span class='ocrx_word' id='word_1_361' title='bbox 1747 4103 1920 4189; x_wconf 87' lang='lat' dir='ltr'><strong>complura</strong></span> 
     </span>
     <span class='ocr_line' id='line_1_32' title="bbox 222 4219 1921 4312; baseline 0.002 -28"><span class='ocrx_word' id='word_1_362' title='bbox 222 4219 377 4310; x_wconf 83' lang='lat' dir='ltr'><strong>exempla</strong></span> <span class='ocrx_word' id='word_1_363' title='bbox 407 4222 454 4286; x_wconf 86' lang='lat' dir='ltr'><strong>ita</strong></span> <span class='ocrx_word' id='word_1_364' title='bbox 484 4223 732 4309; x_wconf 87' lang='lat' dir='ltr'><strong>intelleguntur,</strong></span> <span class='ocrx_word' id='word_1_365' title='bbox 765 4234 802 4289; x_wconf 92' lang='lat' dir='ltr'><strong>ut</strong></span> <span class='ocrx_word' id='word_1_366' title='bbox 833 4225 975 4312; x_wconf 88' lang='lat' dir='ltr'><strong>protasis</strong></span> <span class='ocrx_word' id='word_1_367' title='bbox 1007 4226 1172 4289; x_wconf 88' lang='lat' dir='ltr'><strong>sententia</strong></span> <span class='ocrx_word' id='word_1_368' title='bbox 1203 4222 1244 4288; x_wconf 90' lang='lat' dir='ltr'><strong>ad</strong></span> <span class='ocrx_word' id='word_1_369' title='bbox 1276 4224 1341 4288; x_wconf 89' lang='lat' dir='ltr'><strong>vim</strong></span> <span class='ocrx_word' id='word_1_370' title='bbox 1374 4223 1539 4289; x_wconf 87' lang='lat' dir='ltr'><strong>causalem</strong></span> <span class='ocrx_word' id='word_1_371' title='bbox 1564 4223 1714 4290; x_wconf 90' lang='lat' dir='ltr'><strong>accedat.</strong></span> <span class='ocrx_word' id='word_1_372' title='bbox 1761 4223 1862 4306; x_wconf 84' lang='lat' dir='ltr'><strong>Quod</strong></span> <span class='ocrx_word' id='word_1_373' title='bbox 1883 4233 1921 4289; x_wconf 92' lang='lat' dir='ltr'><strong>ut</strong></span> 
     </span>
     <span class='ocr_line' id='line_1_33' title="bbox 221 4334 1921 4430; baseline 0.002 -26"><span class='ocrx_word' id='word_1_374' title='bbox 221 4338 377 4425; x_wconf 88' lang='lat' dir='ltr'><strong>doceam,</strong></span> <span class='ocrx_word' id='word_1_375' title='bbox 410 4341 599 4429; x_wconf 86' lang='lat' dir='ltr'><strong>exemplum</strong></span> <span class='ocrx_word' id='word_1_376' title='bbox 632 4366 674 4407; x_wconf 85' lang='lat' dir='ltr'><strong>ex</strong></span> <span class='ocrx_word' id='word_1_377' title='bbox 699 4343 816 4427; x_wconf 82' lang='lat'><strong>111,40</strong></span> <span class='ocrx_word' id='word_1_378' title='bbox 845 4364 1010 4430; x_wconf 89' lang='lat' dir='ltr'><strong>promam:</strong></span> <span class='ocrx_word' id='word_1_379' title='bbox 1044 4347 1123 4430; x_wconf 81' lang='grc' dir='ltr'><strong><em>φέρε</em></strong></span> <span class='ocrx_word' id='word_1_380' title='bbox 1147 4347 1220 4429; x_wconf 86' lang='grc' dir='ltr'><strong><em>γάρ,</em></strong></span> <span class='ocrx_word' id='word_1_381' title='bbox 1243 4334 1270 4407; x_wconf 80' lang='lat' dir='ltr'><strong>ol</strong></span> <span class='ocrx_word' id='word_1_382' title='bbox 1295 4343 1475 4426; x_wconf 78' lang='grc' dir='ltr'><strong><em>Νικόδημε,</em></strong></span> <span class='ocrx_word' id='word_1_383' title='bbox 1499 4344 1529 4408; x_wconf 82' lang='lat' dir='ltr'><strong>el</strong></span> <span class='ocrx_word' id='word_1_384' title='bbox 1552 4335 1646 4425; x_wconf 73' lang='grc' dir='ltr'><strong><em>ἦσθα</em></strong></span> <span class='ocrx_word' id='word_1_385' title='bbox 1670 4342 1840 4428; x_wconf 80' lang='grc' dir='ltr'><strong><em>ν’γγγυηκὼς</em></strong></span> <span class='ocrx_word' id='word_1_386' title='bbox 1871 4345 1921 4427; x_wconf 77' lang='grc' dir='ltr'><strong>τῷ</strong></span> 
     </span>
     <span class='ocr_line' id='line_1_34' title="bbox 223 4460 1920 4548; baseline 0.002 -24"><span class='ocrx_word' id='word_1_387' title='bbox 223 4463 345 4543; x_wconf 79' lang='grc' dir='ltr'><strong><em>Πύρρῳ</em></strong></span> <span class='ocrx_word' id='word_1_388' title='bbox 377 4460 438 4541; x_wconf 79' lang='grc' dir='ltr'><strong>τὴν</strong></span> <span class='ocrx_word' id='word_1_389' title='bbox 470 4460 617 4548; x_wconf 77' lang='grc' dir='ltr'><strong><em>ἀδελφὴν</em></strong></span> <span class='ocrx_word' id='word_1_390' title='bbox 648 4468 704 4529; x_wconf 87' lang='grc' dir='ltr'><strong>καὶ</strong></span> <span class='ocrx_word' id='word_1_391' title='bbox 735 4464 765 4528; x_wconf 81' lang='grc' dir='ltr'><strong><em>εἰ</em></strong></span> <span class='ocrx_word' id='word_1_392' title='bbox 791 4461 884 4546; x_wconf 80' lang='grc' dir='ltr'><strong><em>ᾔδεις</em></strong></span> <span class='ocrx_word' id='word_1_393' title='bbox 908 4462 942 4540; x_wconf 80' lang='grc' dir='ltr'><strong>ἐξ</strong></span> <span class='ocrx_word' id='word_1_394' title='bbox 966 4463 1066 4543; x_wconf 82' lang='grc' dir='ltr'><strong><em>αὐτῆς</em></strong></span> <span class='ocrx_word' id='word_1_395' title='bbox 1096 4466 1266 4548; x_wconf 69' lang='grc' dir='ltr'><strong><em>θυγατέρα</em></strong></span> <span class='ocrx_word' id='word_1_396' title='bbox 1290 4465 1427 4544; x_wconf 82' lang='grc' dir='ltr'><strong><em>γνησίαν</em></strong></span> <span class='ocrx_word' id='word_1_397' title='bbox 1449 4466 1745 4545; x_wconf 78' lang='grc' dir='ltr'><strong><em>καταλειπομένην,</em></strong></span> <span class='ocrx_word' id='word_1_398' title='bbox 1768 4464 1842 4540; x_wconf 72' lang='grc' dir='ltr'><strong>πῶς</strong></span> <span class='ocrx_word' id='word_1_399' title='bbox 1863 4463 1920 4528; x_wconf 77' lang='grc' dir='ltr'><strong>ἐπ·</strong></span> 
     </span>
     <span class='ocr_line' id='line_1_35' title="bbox 218 4577 1919 4670; baseline 0 -28"><span class='ocrx_word' id='word_1_400' title='bbox 218 4580 363 4664; x_wconf 72' lang='grc' dir='ltr'><strong><em>ἔτρεψας</em></strong></span> <span class='ocrx_word' id='word_1_401' title='bbox 392 4583 441 4663; x_wconf 77' lang='grc' dir='ltr'><strong>τῷ</strong></span> <span class='ocrx_word' id='word_1_402' title='bbox 473 4579 624 4663; x_wconf 72' lang='grc' dir='ltr'><strong><em>ἡμετέρῳ</em></strong></span> <span class='ocrx_word' id='word_1_403' title='bbox 647 4583 785 4670; x_wconf 73' lang='grc' dir='ltr'><strong><em>ἀδελφῷ</em></strong></span> <span class='ocrx_word' id='word_1_404' title='bbox 805 4584 1077 4649; x_wconf 71' lang='grc' dir='ltr'><strong><em>ἐπιδικάσασθαι</em></strong></span> <span class='ocrx_word' id='word_1_405' title='bbox 1099 4584 1161 4646; x_wconf 82' lang='grc' dir='ltr'><strong>τοῦ</strong></span> <span class='ocrx_word' id='word_1_406' title='bbox 1182 4583 1305 4666; x_wconf 68' lang='grc' dir='ltr'><strong><em>κλήρου</em></strong></span> <span class='ocrx_word' id='word_1_407' title='bbox 1328 4577 1407 4645; x_wconf 79' lang='grc' dir='ltr'><strong><em>ἄνευ</em></strong></span> <span class='ocrx_word' id='word_1_408' title='bbox 1430 4586 1487 4662; x_wconf 86' lang='grc' dir='ltr'><strong>τῆς</strong></span> <span class='ocrx_word' id='word_1_409' title='bbox 1512 4585 1648 4664; x_wconf 85' lang='grc' dir='ltr'><strong><em>γνησίας</em></strong></span> <span class='ocrx_word' id='word_1_410' title='bbox 1671 4585 1858 4666; x_wconf 71' lang='grc' dir='ltr'><strong><em>θυγατρός,</em></strong></span> <span class='ocrx_word' id='word_1_411' title='bbox 1881 4577 1919 4663; x_wconf 74' lang='grc' dir='ltr'><strong>ἣν</strong></span> 
     </span>
    </p>
   </div>
   <div class='ocr_carea' id='block_1_5' title="bbox 378 4870 756 5027">
    <p class='ocr_par' dir='ltr' id='par_1_7' title="bbox 378 4870 756 5027">
     <span class='ocr_line' id='line_1_36' title="bbox 378 4870 756 4940; baseline 0.005 -18"><span class='ocrx_word' id='word_1_412' title='bbox 378 4870 403 4936; x_wconf 87' lang='grc'><strong>*)</strong></span> <span class='ocrx_word' id='word_1_413' title='bbox 422 4873 454 4922; x_wconf 79' lang='lat' dir='ltr'><strong>cl.</strong></span> <span class='ocrx_word' id='word_1_414' title='bbox 473 4873 551 4938; x_wconf 81' lang='lat' dir='ltr'><strong>Apol.</strong></span> <span class='ocrx_word' id='word_1_415' title='bbox 570 4889 630 4940; x_wconf 81' lang='lat' dir='ltr'><strong>pag.</strong></span> <span class='ocrx_word' id='word_1_416' title='bbox 648 4872 682 4923; x_wconf 80' lang='lat'><strong>28</strong></span> <span class='ocrx_word' id='word_1_417' title='bbox 700 4876 756 4924; x_wconf 79' lang='lat' dir='ltr'><strong>DE.</strong></span> 
     </span>
     <span class='ocr_line' id='line_1_37' title="bbox 379 4954 710 5027; baseline 0 -18"><span class='ocrx_word' id='word_1_418' title='bbox 379 4954 418 5022; x_wconf 83' lang='lat'><strong>**)</strong></span> <span class='ocrx_word' id='word_1_419' title='bbox 438 4959 465 5009; x_wconf 89' lang='lat' dir='ltr'><strong>in</strong></span> <span class='ocrx_word' id='word_1_420' title='bbox 483 4958 552 5010; x_wconf 88' lang='lat' dir='ltr'><strong>Phil.</strong></span> <span class='ocrx_word' id='word_1_421' title='bbox 572 4975 632 5027; x_wconf 79' lang='lat' dir='ltr'><strong>pag.</strong></span> <span class='ocrx_word' id='word_1_422' title='bbox 651 4958 710 5010; x_wconf 83' lang='grc'>889.</span> 
     </span>
    </p>
   </div>
   <div class='ocr_carea' id='block_1_6' title="bbox 0 0 2146 5572">
    <p class='ocr_par' dir='ltr' id='par_1_8' title="bbox 0 0 2146 5572">
     <span class='ocr_line' id='line_1_38' title="bbox 0 0 2146 5572; baseline 0 0"><span class='ocrx_word' id='word_1_423' title='bbox 0 0 2146 5572; x_wconf 95' lang='lat' dir='ltr'><strong> </strong></span> 
     </span>
    </p>
   </div>
  </div>
 </body>
</html>
