4284 5572
226 432 271 500 16

220 629 348 695 litteras
378 654 412 695 οι
441 653 470 694 ει
499 653 514 694 ε
543 651 563 711 η
590 652 611 710 η
641 628 798 695 facillime
829 653 849 693 a
870 628 1015 694 librariis
1045 629 1203 696 confundi
1229 628 1376 715 potuisse
1400 651 1439 693 ac
1462 650 1498 693 re
1521 650 1602 691 vera
1624 627 1819 713 saepissime
1842 647 1917 691 con·

222 749 312 814 fusas
341 771 414 814 esse
444 751 579 814 scimus.
624 749 742 835 Itaque
773 760 887 814 contra
918 747 1104 814 Roederum
1136 772 1210 814 cum
1242 747 1482 814 Turicensibus
1516 746 1673 813 Scheibio
1705 747 1917 810 Buermanno

223 868 310 934 lsaei
334 868 428 950 locis,
454 870 510 954 qui
535 867 599 932 buc
618 868 816 952 referuntur,
842 868 994 934 codicum
1015 871 1211 956 scripturam
1233 869 1446 956 depravatam
1466 890 1539 932 esse
1558 867 1742 953 putaverim
1763 875 1796 929 et
1818 863 1920 928 scribi

223 998 376 1074 oportere
408 987 507 1070 Lil:
532 985 672 1063 δικαίως
694 986 737 1051 ἄν
761 1038 768 1050 .
793 1038 800 1050 .
825 1039 833 1054 .
858 988 1048 1070 ποιήσαιτε,
1071 989 1131 1052 32:
1163 985 1214 1052 ὅτι
1237 989 1398 1070 δηλώσειε
1420 992 1501 1053 ποτ’
1525 984 1580 1069 ἄν,
1605 986 1756 1069 vl1,42:
1782 982 1921 1058 εἰκότως

221 1105 263 1170 dr·
286 1108 505 1190 ποιήσαισθε,
528 1106 640 1188 x‚21:
665 1109 802 1183 δικαίως
825 1105 866 1169 δν
890 1157 897 1170 .
922 1157 929 1170 .
954 1109 1180 1193 ψηφίσαισθε,
1205 1108 1265 1190 Xl,
1289 1109 1348 1171 47:
1370 1107 1407 1185 ἐξ
1430 1095 1478 1172 ὧν
1500 1105 1743 1188 διαβάλλοντες
1766 1152 1773 1167 .
1799 1153 1806 1166 .
1831 1148 1840 1166 .
1864 1102 1921 1166 δν-

221 1227 392 1307 νήσονται.
445 1224 643 1311 Exemplum
674 1235 801 1308 autem,
835 1225 924 1312 quod
956 1225 1127 1291 Roederus
1158 1248 1200 1290 ex
1229 1226 1293 1308 Vl,
1311 1227 1352 1291 23
1381 1228 1538 1313 sumpsit,
1570 1225 1634 1289 huc
1664 1248 1730 1290 uon
1762 1223 1922 1310 pertinet:

222 1342 352 1419 εἰδότες
380 1343 451 1409 δὀἱ
474 1345 646 1427 ἀναγκαῖοι
670 1341 722 1409 ὅτι
742 1344 780 1422 ἐξ
808 1344 934 1409 ἐκείνου
958 1347 1018 1426 μὲν
1036 1344 1098 1417 οὐκ
1122 1343 1162 1408 δν
1186 1343 1235 1410 ἔτι
1257 1348 1406 1425 γένοιντο
1430 1346 1547 1421 παῖδες
1569 1347 1689 1426 ταύτην
1711 1343 1772 1425 τήν
1794 1340 1924 1423 ήλικίον

221 1464 370 1545 ἔχοντος,
400 1465 608 1550 φανήσοιντο
632 1461 757 1544 δ’ἄλλῳ
786 1468 850 1527 τινί
872 1466 991 1547 τρόπῳ
1014 1467 1069 1527 καὶ
1093 1462 1127 1527 ἐκ
1149 1468 1275 1529 τούτων
1297 1467 1428 1530 ἔσοιντο
1452 1464 1497 1529 ἔτι
1522 1463 1658 1548 μείζους
1680 1461 1850 1549 διαφοραί
1871 1509 1877 1522 .
1902 1507 1924 1540 .,

223 1603 297 1645 nam
328 1582 369 1645 ἄν
398 1584 562 1669 particula
590 1593 716 1647 tantum
745 1583 787 1646 ad
817 1584 965 1662 γένοιντο
997 1582 1173 1647 referenda
1202 1594 1269 1667 est,
1301 1606 1367 1648 non
1399 1583 1441 1647 ad
1470 1586 1635 1670 optativos
1659 1583 1867 1668 φανήσοιντο
1894 1589 1927 1642 et

223 1702 365 1769 ἔσοιντο.
410 1701 566 1767 Formula
588 1701 646 1767 οὐκ
669 1701 710 1764 δν
733 1704 882 1783 γένοιντο
906 1712 956 1765 est
978 1704 1136 1768 orationis
1159 1702 1286 1767 liberae
1310 1703 1511 1789 potentialis,
1537 1725 1622 1789 quae
1646 1704 1679 1766 in
1700 1702 1850 1766 oratione
1874 1700 1923 1762 in·

225 1822 353 1888 directa
380 1832 542 1905 servatur,
571 1820 629 1887 sed
659 1823 865 1908 φανήσοιντο
895 1833 927 1887 et
956 1824 1087 1887 ἔσοιντο
1117 1824 1255 1909 optativi
1288 1844 1332 1886 ex
1357 1825 1567 1910 φανήσονται
1599 1832 1634 1887 et
1656 1820 1789 1885 ἔσονται
1812 1819 1926 1884 formis

226 1944 386 2010 orationis
409 1941 534 2006 liberae
554 1940 695 2027 profecti
720 1951 806 2006 sunt.
851 1941 1001 2006 Dubium
1025 1952 1090 2024 est,
1121 1964 1199 2006 num
1224 1943 1257 2005 in
1280 1940 1322 2024 V,
1338 1942 1395 2005 22:
1418 1943 1624 2024 βεβαιώσειν
1647 1937 1846 2007 servandum
1871 1939 1924 2002 sit.

228 2064 305 2128 Mea
337 2060 471 2148 quidem
504 2062 669 2126 sententia
699 2062 797 2125 etiam
828 2060 891 2127 hoc
923 2061 996 2127 loeo
1029 2062 1129 2126 futuri
1162 2061 1345 2126 infinitivus
1377 2063 1483 2126 teneri
1513 2085 1577 2127 non
1608 2070 1728 2147 potest,
1761 2056 1820 2124 sed
1852 2080 1926 2122 curn

225 2180 359 2248 Nabero
384 2183 416 2245 in
439 2182 628 2263 βεβαιῶσαι
651 2180 789 2246 sormam
813 2183 1020 2264 mutaverim,
1045 2203 1119 2244 cum
1139 2182 1238 2244 etiam
1258 2180 1354 2262 hujus
1378 2180 1512 2244 dicendi
1537 2202 1614 2246 usus
1638 2178 1793 2266 exempla
1818 2198 1929 2264 pauca

228 2323 334 2388 eaque
374 2310 530 2387 suspecta
559 2302 636 2382 sint,
668 2299 710 2363 cs.
739 2301 893 2378 Herm.*)
923 2312 956 2365 et
977 2299 1164 2379 Kuelrn.*‘)
1209 2299 1276 2365 Sed
1296 2300 1375 2365 satis
1399 2299 1440 2364 de
1463 2298 1514 2365 bis
1537 2322 1622 2386 quae
1646 2299 1725 2364 serri
1747 2306 1928 2385 nequeunt.

226 2423 301 2487 Hoc
330 2431 453 2485 tantum
485 2441 737 2484 commemorare
759 2420 867 2503 velim,
897 2421 930 2483 in
956 2419 1091 2485 alterius
1123 2420 1365 2485 enuntiatorum
1389 2418 1680 2503 condicionaliurn,
1709 2439 1795 2505 qnae
1818 2415 1924 2499 attuli,

226 2541 350 2628 protasi
380 2539 434 2623 (V,
449 2540 504 2616 36)
533 2537 728 2624 particulam
760 2539 790 2603 εἰ
820 2538 905 2603 idem
934 2538 1003 2602 fere
1026 2539 1150 2623 valere,
1181 2538 1268 2626 qnod
1293 2537 1376 2622 ἐπεί,
1408 2560 1480 2602 cum
1503 2538 1536 2602 in
1561 2537 1695 2602 alterius
1718 2537 1759 2620 (l,
1775 2537 1828 2608 21)
1852 2557 1927 2601 sen-

225 2663 330 2726 tentia
353 2656 593 2725 condicionalis
616 2680 705 2723 mera
727 2661 779 2724 sit.

378 2779 451 2845 Jam
474 2777 619 2865 denique
643 2778 819 2844 dicendum
847 2789 897 2845 est
935 2779 977 2843 de
1007 2779 1109 2845 futuri
1141 2801 1219 2862 usn,
1251 2776 1340 2865 quod
1371 2775 1511 2864 apodosi
1540 2775 1653 2843 horum
1683 2777 1926 2841 enuntiatorum

227 2899 429 2986 adjungitur.
488 2898 597 2985 Hujus
626 2901 759 2984 generis
792 2898 857 2964 duo
887 2899 1037 2986 exempla
1068 2908 1216 2980 exstant,
1249 2920 1386 2984 quorum
1417 2896 1553 2961 alterius
1582 2897 1726 2983 protasis
1755 2896 1819 2959 vim
1850 2917 1927 2959 can·

226 3019 325 3086 salem
354 3016 492 3084 exhibet
519 3019 561 3082 cf.
587 3019 685 3101 1,40:
714 3018 745 3084 εἰ
773 3017 905 3083 δὀὐσία
933 3021 1156 3105 κατελείφθη,
1186 3015 1318 3082 δίκαιον
1348 3016 1510 3100 ἡγήσεσθ’
1533 3007 1620 3081 εἶναι
1645 3020 1765 3099 ταύτης
1788 3015 1926 3100 ἑτέρους

226 3139 318 3223 ήμῶν
341 3140 467 3221 μᾶλλον
489 3141 711 3222 κληρονομεῖν
740 3140 763 3203 i.
794 3161 824 3204 e.
849 3161 921 3203 cum
944 3149 1051 3204 autem
1074 3161 1139 3203 rem
1163 3138 1353 3202 familiarem
1374 3137 1565 3224 reliquerit,
1598 3159 1673 3201 num
1696 3137 1779 3202 alios
1801 3158 1841 3201 ac
1864 3157 1925 3201 nos

226 3261 297 3346 ejus
327 3257 466 3323 heredes
497 3281 570 3323 esse
599 3260 793 3324 sententiam
823 3259 961 3325 feretis?
1014 3256 1166 3323 Ceterum
1197 3260 1293 3323 etiam
1322 3267 1477 3346 apparet,
1508 3257 1651 3322 futurum
1682 3255 1840 3344 apodosis
1863 3279 1923 3322 suo

225 3380 363 3464 proprio
389 3399 489 3442 sensu
517 3388 708 3465 usurpatum
736 3401 820 3443 esse.
866 3378 974 3444 Aliter
995 3377 1252 3463 intellegendum
1275 3387 1325 3442 est
1346 3377 1412 3442 loci
1442 3375 1577 3441 alterius
1600 3377 1747 3461 (1x‚37)
1770 3381 1923 3459 futurum,

227 3499 321 3584 cujus
356 3498 499 3586 protasis
530 3499 595 3562 vim
632 3496 893 3564 condicionalem
927 3500 1032 3583 magis
1062 3507 1181 3564 servat.
1235 3497 1311 3562 Hoc
1339 3496 1414 3563 loeo
1444 3498 1532 3564 actio
1561 3498 1663 3563 futuri
1693 3518 1758 3562 uon
1788 3506 1852 3560 tam
1882 3492 1924 3559 ad

225 3628 352 3706 tempus
383 3618 526 3683 futurum
554 3618 720 3705 loquentis
749 3617 941 3701 referenda,
973 3641 1068 3704 quam
1093 3621 1140 3683 ita
1169 3615 1370 3705 explicanda
1401 3626 1462 3701 est,
1494 3627 1531 3683 nt
1561 3615 1707 3682 modeste
1739 3616 1925 3704 leniterque

227 3761 288 3826 pro
318 3747 494 3826 praesente
525 3736 664 3802 dicatur.
709 3735 824 3803 Verba
846 3739 946 3802 enim:
977 3737 1007 3802 el
1033 3739 1095 3820 γὰρ
1118 3740 1237 3802 τοῦτον
1258 3737 1446 3819 ἐποιήσατο
1468 3738 1545 3804 υἱὸν
1568 3725 1607 3802 οὗ
1629 3741 1680 3822 τῷ
1700 3741 1802 3823 πατρὶ
1825 3740 1925 3802 πολε·

225 3859 394 3940 μιώτατος
415 3848 466 3939 ἢν,
489 3859 562 3934 παῖς
585 3856 623 3922 οὐ
642 3855 736 3935 δόξει
756 3863 832 3934 τοῖς
855 3856 1018 3923 ἀκούσασι
1039 3863 1229 3942 παρανοεῖν
1251 3853 1272 3937 ή
1294 3857 1360 3921 ὑπὸ
1385 3860 1573 3944 φαρμάκων
1594 3855 1812 3944 διεφθάρθαι
1819 3887 1829 3936 ,·
1853 3880 1925 3942 ger·

225 3980 355 4042 manico
385 3980 432 4042 ita
460 3979 632 4044 vertimus:
661 3978 760 4043 Denu
790 4001 884 4042 wenn
915 3976 1040 4042 erden
1070 3975 1160 4042 Sobn
1184 3975 1243 4041 des
1266 3977 1406 4042 lllannes
1434 3976 1601 4065 adoptiert
1629 3976 1702 4061 hat,
1734 3976 1794 4042 der
1815 3979 1925 4043 seinos

228 4097 350 4163 Vetera
373 4107 503 4182 argster
524 4098 632 4163 Feind
655 4121 734 4180 war,
758 4097 852 4164 sollte
874 4120 947 4161 man
971 4096 1014 4161 da
1035 4096 1128 4162 nicht
1148 4094 1304 4182 glauben,
1329 4094 1406 4161 dass
1429 4119 1466 4159 er
1487 4094 1695 4182 wahnsinnig
1718 4095 1799 4164 oder
1821 4095 1926 4163 durch

227 4216 464 4283 Zanbermittel
487 4219 552 4282 irre
577 4217 713 4303 geleitet
735 4218 809 4284 sei?
833 4217 876 4282 cf.
900 4216 942 4282 ad
965 4215 1053 4282 hunc
1076 4240 1169 4282 usum
1191 4215 1398 4295 Kuehn.***)

380 4339 505 4421 Restat,
529 4348 566 4403 ut
588 4337 628 4401 de
652 4339 693 4403 iis
717 4339 896 4403 enuntiatis
915 4336 1073 4422 dicamus,
1106 4359 1242 4424 quornm
1265 4338 1298 4400 in
1322 4335 1462 4423 apodosi
1486 4332 1527 4399 ἄν
1547 4335 1711 4423 particula
1734 4359 1805 4401 cnm
1828 4360 1924 4424 prae·

226 4459 324 4524 terito
354 4459 481 4524 sociata
509 4456 672 4523 collocata
701 4467 767 4541 est,
800 4479 884 4544 quae
914 4455 1046 4543 quidem
1075 4458 1247 4522 enuntiata
1275 4478 1295 4521 a
1322 4458 1537 4543 grammaticis
1568 4455 1700 4522 irrealia
1729 4456 1923 4544 plerumque

227 4576 447 4666 appellantur.
499 4577 669 4642 Irrealium
698 4579 783 4642 enim
815 4579 1055 4644 enuntiatorum
1085 4599 1203 4644 nomen
1230 4576 1363 4643 ducitur
1393 4599 1411 4642 e
1438 4576 1533 4643 modo
1558 4576 1669 4642 irreali
1693 4578 1750 4665 qui
1773 4587 1924 4661 vocatur,

382 4764 409 4832 *)
426 4768 444 4818 1.
465 4785 487 4818 c.
505 4785 565 4835 pag.
584 4766 619 4818 28
637 4786 704 4834 sqq,
722 4784 782 4835 pag.
802 4766 852 4819 160
870 4785 936 4834 εφη,
955 4785 1016 4834 pag.
1036 4766 1085 4819 166
1103 4776 1130 4819 et
1146 4767 1205 4819 180.

381 4851 425 4918 **)
444 4870 481 4919 gr.
500 4855 536 4911 11,
553 4870 613 4920 pag.
633 4853 685 4904 208
703 4855 728 4904 d.

381 4937 438 5006 ***)
458 4956 495 5006 gr.
514 4941 549 4999 11,
570 4937 626 4990 147.
