4284 5572
232 444 279 507 20

228 639 452 727 διεφέροντο,
484 636 580 702 οὐδὲν
609 636 650 700 dv
679 636 748 702 ἔδει
777 637 862 719 ὑμᾶς
884 642 1095 722 σκέψασθαι,
1127 641 1198 705 ἀλλ’
1221 641 1255 706 εἴ
1274 666 1307 706 τι
1329 643 1467 706 διέθετο
1491 641 1615 716 ἐκεῖνος
1638 642 1657 705 ὁ
1681 648 1926 725 Νικόστρατος,

228 757 267 827 ὃν
289 759 480 857 ἀμφότεροι
503 757 710 838 ὡμολόγουν.
755 758 820 820 Hic
845 760 970 845 opponi
994 770 1118 845 potest:
1142 764 1202 823 νῦν
1226 760 1264 826 δὲ
1287 759 1343 826 δεῖ
1361 762 1447 844 ὑμᾶς
1471 765 1683 845 σκέψασθαι,
1713 784 1798 847 quae
1822 761 1925 825 verba

229 881 355 968 opponi
384 901 450 943 nou
473 877 611 958 liceret,
643 878 671 941 si
694 875 852 963 apodosis
875 881 1041 942 sententia
1063 881 1134 943 sine
1159 881 1357 946 condicione
1381 903 1461 944 vera
1484 891 1582 945 esset.
1627 880 1729 945 Aliud
1761 880 1924 966 ejusmodi

229 999 418 1086 exemplum
452 1020 493 1062 ex
522 995 614 1076 xlm
637 998 835 1083 promimus,
869 995 925 1061 ubi
949 996 1031 1063 hacc
1055 1001 1180 1086 scripta
1206 1013 1299 1065 sunt:
1324 1000 1354 1065 sl
1377 991 1450 1081 d’rlv
1473 997 1578 1076 ἄπαις
1600 1001 1666 1081 ἐγὼ
1689 1003 1925 1083 τετελευτηκὼς

226 1125 281 1212 καὶ
305 1119 508 1206 ἠμφισβήτει
531 1118 597 1178 τῶν
620 1117 720 1199 ἐμῶν,
744 1119 845 1180 τοῦτο
868 1115 908 1179 ἄν
933 1121 1099 1201 προσῆκει·
1122 1121 1374 1204 ἀποκρίνασθαι
1396 1119 1612 1202 ἐρωτωμένῳ.
1654 1121 1748 1184 Dicit
1765 1119 1806 1183 civ
1824 1143 1926 1204 προς·

225 1246 321 1323 ῆκεν,
351 1240 507 1326 quoniam
540 1237 665 1321 opponi
695 1246 819 1322 potest:
850 1240 905 1299 νῦν
935 1236 974 1301 δὲ
1002 1239 1167 1320 προσῆκει
1197 1239 1462 1323 ἀποκρίνασθαι.
1516 1239 1612 1303 Talia
1642 1239 1795 1327 exempla
1827 1242 1924 1304 etiam

225 1364 269 1445 X,
284 1361 323 1425 13
346 1370 379 1425 et
401 1357 516 1439 Xl,3i›
539 1357 759 1441 reperiuntur.
804 1355 981 1420 Praeterea
1004 1356 1157 1455 adhunc
1181 1381 1274 1423 usum
1299 1358 1342 1422 cf.
1366 1357 1553 1433 Baeuml.*)
1577 1370 1609 1423 et
1631 1358 1824 1436 Kuehu.**)

383 1476 450 1544 Sed
480 1475 564 1539 haec
596 1473 775 1539 hactenus!
831 1477 1027 1563 Priusquam
1062 1488 1171 1542 autem
1204 1477 1247 1542 ad
1277 1478 1425 1564 singulas
1457 1476 1646 1565 hujusmodi
1679 1480 1923 1544 enuntiatorum

227 1607 350 1668 termas
374 1593 617 1662 enumerandas
640 1605 817 1677 transeam,
843 1619 908 1682 quo
932 1597 1030 1662 modo
1054 1597 1285 1684 imperfectum
1306 1596 1347 1661 ab
1365 1600 1488 1664 aoristo
1505 1600 1539 1662 in
1556 1600 1736 1678 enuntiatis
1750 1597 1925 1664 irrealibus

226 1744 312 1810 quae
345 1726 506 1784 vocantur
545 1713 676 1779 differat
715 1717 907 1781 examinare
940 1739 1006 1782 non
1038 1719 1101 1782 erit
1129 1716 1284 1781 alienum.
1336 1717 1434 1781 Haud
1467 1719 1554 1782 enirn
1587 1740 1662 1782 raro
1695 1717 1873 1783 discrimen
1906 1742 1926 1782 a

226 1839 452 1928 grammaticis
484 1832 681 1921 simpliciter
701 1836 748 1898 ita
771 1837 942 1919 statuitur,
975 1849 1010 1900 ut
1038 1837 1269 1922 imperfectum
1294 1836 1508 1903 adnationes
1532 1848 1737 1924 praesentes,
1763 1837 1805 1901 ad
1829 1861 1923 1925 prae·

224 1962 340 2028 teritas
363 1959 513 2023 actiones
535 1955 693 2020 aoristum
716 1957 884 2041 pertinere
908 1955 1069 2039 doceant,
1104 1958 1145 2020 cf.
1172 1957 1374 2042 Kaegii***)
1397 1980 1448 2042 gr.
1504 1956 1571 2024 Sed
1595 1957 1740 2036 Lilius†r
1767 1970 1800 2023 et
1823 1958 1926 2022 Gent-

225 2082 402 2158 schius††l
432 2073 781 2152 Baeumleinium†††)
815 2077 939 2148 secuti,
971 2075 1053 2140 alter
1083 2078 1117 2140 in
1149 2077 1350 2161 Homerum,
1384 2076 1469 2142 alter
1490 2078 1525 2141 in
1548 2077 1786 2165 Antiphontem
1811 2069 1921 2143 Ando-

226 2202 335 2269 cidem
357 2199 492 2285 Lysiam
520 2194 556 2258 id
584 2192 763 2260 discrimen
793 2192 945 2258 adhiberi
976 2220 1040 2262 nou
1074 2219 1172 2282 posse
1204 2196 1283 2260 mihi
1307 2196 1463 2262 videntur
1494 2197 1692 2263 ostendisse.
1740 2199 1921 2280 Quaeritur

226 2326 342 2409 igitur,
377 2314 543 2406 quomodo
568 2313 683 2379 isaeus
708 2324 818 2380 orator
841 2315 1036 2401 imperfecto
1061 2328 1094 2380 et
1116 2318 1239 2381 aoristo
1262 2319 1296 2380 in
1320 2315 1370 2382 his
1394 2319 1574 2382 enuntiatis
1596 2341 1676 2384 usus
1699 2321 1751 2383 sit.
1794 2318 1922 2382 ¹Exem-

226 2444 290 2532 plis
313 2437 513 2526 comparatis
536 2433 592 2497 illa
614 2445 765 2520 tempora
787 2434 1064 2519 significationem
1090 2459 1187 2523 quam
1212 2437 1246 2500 iu
1270 2439 1448 2502 enuntiatis
1472 2436 1587 2502 liberis
1611 2437 1752 2520 habent,
1786 2461 1920 2503 servare

225 2562 306 2629 mihi
336 2558 487 2648 profecto
511 2576 704 2642 persuasum
729 2564 789 2619 est.
835 2554 888 2618 lta
908 2556 1012 2639 igitur
1034 2555 1213 2621 discrimen
1236 2555 1446 2621 statuendum
1470 2567 1531 2640 cst,
1565 2569 1601 2622 ut
1622 2558 1854 2644 imperfectum
1879 2557 1920 2622 de

227 2682 415 2772 praeteritis
438 2674 538 2742 rebus
563 2672 759 2738 durantibus
778 2684 812 2739 et
831 2675 959 2740 iteratis
978 2686 1168 2763 usurpetur,
1194 2698 1268 2740 cum
1288 2678 1430 2743 aoristus
1451 2679 1617 2744 actionem
1637 2677 1779 2764 aliquam
1801 2678 1922 2742 factam

226 2827 299 2871 esse
323 2800 459 2866 indicet.
504 2795 659 2859 Attamen
685 2817 752 2859 non
776 2794 920 2877 infitior,
953 2795 1183 2884 imperfectum
1213 2797 1246 2860 in
1270 2795 1321 2862 his
1345 2799 1524 2863 enuntiatis
1547 2797 1767 2884 adpraesens
1792 2807 1921 2884 tempus

225 2923 343 2990 referri
374 2940 492 3006 posse,
525 2936 634 3000 neque
664 2912 739 2978 talis
770 2936 847 2978 usus
878 2917 926 2979 eis
950 2937 1036 3000 quae
1066 2915 1163 2981 modo
1188 2915 1229 2980 de
1253 2917 1440 3003 imperfecti
1464 2941 1525 2982 usu
1549 2919 1721 2983 statuimus
1744 2930 1920 3005 repugnat,

228 3068 303 3110 cum
322 3038 553 3127 imperfectum
577 3034 677 3098 etiam
701 3033 824 3097 adeas
848 3036 996 3100 actiones
1019 3032 1134 3099 referri
1160 3039 1275 3123 possit,
1308 3059 1393 3123 quae
1417 3059 1522 3123 usque
1546 3037 1589 3101 ad
1611 3049 1740 3125 tempus
1763 3061 1921 3124 praesens

225 3165 355 3231 durant.
392 3154 592 3243 Exemplum
616 3152 804 3239 hujusmodi
827 3157 960 3238 generis
983 3156 1107 3241 petitur
1130 3179 1174 3220 ex
1196 3156 1255 3235 IV,
1264 3157 1317 3238 30,
1341 3155 1397 3221 ubi
1423 3156 1505 3222 haec
1529 3169 1620 3223 sunt:
1640 3159 1670 3221 εἰ
1688 3161 1747 3240 μὲν
1767 3149 1828 3222 οὖν
1847 3155 1921 3222 oi'dc

222 3284 494 3373 φιλοπράγμονες
522 3275 541 3354 ἢ
569 3272 684 3349 ἄλλοις
715 3270 828 3355 ὅμοιοι
856 3277 1010 3349 πολίταις
1034 3266 1130 3357 ἦσαν,
1160 3276 1243 3352 ἴσως
1265 3275 1306 3340 dv
1330 3279 1368 3340 οὐ
1390 3282 1470 3358 περὶ
1493 3280 1560 3338 τοῖν
1585 3280 1816 3361 Νικοστράτου
1839 3299 1921 3361 χρη-

221 3408 333 3488 μάτων
366 3397 592 3483 ἡμφισβίγτει,
624 3393 695 3457 ἀλλ’
726 3391 806 3476 ὑπὲρ
839 3397 901 3458 τοῦ
931 3397 1089 3477 σώματος
1113 3395 1292 3479 ἠγωνίζετο
1317 3401 1337 3460 ἰ.
1362 3418 1408 3460 e.:
1440 3395 1550 3459 Wenn
1575 3397 1667 3461 diese
1699 3421 1765 3460 nun
1791 3397 1921 3460 flander

221 3522 358 3604 liebtcn,
383 3515 464 3584 oder
486 3538 523 3581 so
547 3514 680 3598 gesinnt
702 3507 812 3576 waren
835 3515 896 3578 wie
919 3513 1059 3579 manche
1082 3514 1205 3579 andere
1224 3517 1362 3600 Btirgcr,
1387 3539 1423 3580 so
1447 3515 1559 3580 warde
1584 3539 1621 3580 er
1645 3515 1814 3579 vielleiclrt
1829 3513 1923 3578 nicht

222 3643 281 3709 aui
310 3640 369 3706 des
400 3637 612 3703 Nikostratos
634 3633 823 3718 Vermtigen
848 3631 1045 3720 Ausprtiche
1078 3633 1234 3714 erheben,
1267 3634 1411 3701 sondern
1442 3658 1492 3699 um
1518 3634 1601 3700 Leib
1636 3634 1701 3699 und
1730 3632 1845 3698 Leben
1879 3658 1919 3699 zu

221 3760 382 3849 ktmpfen
405 3755 526 3823 haben.
572 3754 701 3818 Pariter
724 3752 957 3840 imperfectum
980 3752 1021 3817 ad
1045 3762 1176 3841 tempus
1199 3777 1358 3841 praesens
1381 3756 1525 3820 refertur
1547 3755 1638 3838 1,39.
1660 3756 1769 3835 1[,41.
1792 3755 1917 3836 111,94.

220 3886 275 3950 48.
306 3881 410 3964 1V,4.
442 3877 483 3960 V,
496 3876 527 3941 5.
558 3873 616 3956 VI,
634 3873 684 3937 15.
700 3874 754 3936 44.
771 3874 824 3937 45.
856 3871 932 3954 Vll,
944 3873 997 3938 24.
1031 3872 1261 3956 v111,31.32.
1294 3875 1398 3958 Xl,5.
1421 3877 1468 3942 16.
1485 3875 1538 3940 35.
1597 3875 1818 3940 Nihilominus
1849 3897 1921 3959 per-

222 4003 325 4070 multa
360 3996 514 4084 exempla
546 4002 691 4073 exstant,
730 3993 764 4056 in
796 3991 917 4078 quibus
951 3993 1182 4080 imperfectum
1216 3993 1257 4059 de
1290 3994 1477 4060 actionibus
1511 3996 1699 4081 praeteritis
1731 4005 1919 4080 usurpatur.

221 4120 420 4209 Exemplum
446 4140 489 4181 ex
512 4114 607 4196 Vlll,
623 4114 658 4176 17
683 4134 883 4198 promamus,
908 4111 964 4177 ubi
988 4112 1070 4178 haee
1089 4115 1215 4202 scripta
1232 4125 1322 4180 snut:
1345 4119 1457 4179 καίτοι
1475 4114 1506 4178 εἰ
1523 4114 1569 4198 μὴ
1587 4111 1818 4196 θυγατριδοῦς
1834 4112 1921 4196 ἡμᾶς

220 4240 372 4327 ἐνόμιζεν
402 4230 487 4304 εἶναι
515 4240 571 4300 καὶ
593 4237 717 4318 μόνους
747 4230 902 4314 ἐκγόνους
931 4233 1019 4317 ἑώρα
1051 4237 1191 4311 λοιποὺς
1222 4235 1542 4316 καταλελειμμένους
1564 4233 1668 4315 αὑτῷ,
1696 4233 1754 4298 οὐκ
1773 4231 1814 4295 ἄν
1837 4252 1920 4295 ποτε

217 4364 327 4428 ἐποίει
350 4361 475 4424 τούτων
498 4355 608 4436 οὐδέν,
631 4353 714 4418 ἀλλὰ
736 4351 829 4416 τόνδ)
851 4348 893 4415 ἄν
912 4351 1003 4434 αὑτῷ
1016 4356 1221 4436 παρίστατο,
1246 4348 1284 4429 ὃς
1302 4348 1510 4438 ἀδελφιδοῦς
1528 4351 1632 4417 αὐτοῦ
1647 4354 1702 4415 νῦν
1718 4343 1806 4416 εἶναι
1823 4353 1919 4438 φησί,

376 4545 401 4608 *l
420 4547 437 4596 l.
453 4565 475 4596 c.
494 4563 553 4612 pag.
570 4544 627 4596 140.

379 4632 419 4695 **)
438 4649 476 4699 gr.
495 4633 530 4681 11.
549 4648 609 4698 pag.
630 4630 678 4680 178
696 4648 757 4681 aun.

378 4717 434 4781 ***)
454 4718 559 4768 Gricelr.
579 4715 821 4782 Schnlgrammatilr
840 4716 881 4765 cd.
901 4716 937 4766 ll.
975 4717 1064 4767 Berlin
1084 4715 1158 4776 1889,
1177 4719 1193 4777 ,Ε
1211 4715 1270 4766 204.

375 4804 405 4867 †)
425 4804 458 4853 de
476 4803 658 4853 elocutionum
677 4801 909 4866 hypotheticarum
929 4818 979 4852 usu
999 4802 1108 4851 Homeri
1126 4819 1186 4867 pag.
1208 4802 1248 4851 17.

374 4888 424 4952 ἢ)
442 4890 458 4938 l.
480 4906 502 4938 c.
521 4905 580 4954 pag.
599 4887 658 4937 251.

375 4973 441 5037 ’,Ἰ-λ)
460 4975 477 5024 l.
497 4991 519 5023 r.
538 4990 597 5041 pag.
616 4973 650 5023 97
668 4991 708 5039 sq.
