4284 5572
1859 377 1905 450 35

191 553 363 659 ¹ps'rtrruo.
408 575 564 638 Fortasse
595 573 738 659 aliquem
769 572 931 655 offendet,
964 572 1053 658 quod
1081 572 1144 638 hoc
1175 574 1249 639 loco
1279 570 1321 636 dv
1349 570 1514 658 particula
1543 572 1756 656 conjunctivo
1780 583 1830 637 cst
1852 572 1910 636 ad-

211 696 315 779 jecta.
356 693 604 763 Hermannus*)
629 690 756 776 aliquid
779 691 905 755 fortuiti
929 690 1102 773 accedere,
1126 693 1154 755 si
1173 690 1216 755 ὅν
1235 690 1386 769 addatur,
1411 690 1518 755 docet.
1557 689 1818 766 Kuehuerus**)
1837 692 1908 756 iere

217 813 304 876 idem
327 812 409 893 vult,
433 834 506 874 cum
530 810 857 886 Baenmlcinius***)
881 820 914 873 et
935 808 1129 886 Akenius†)
1157 809 1199 873 ad
1222 808 1411 875 subtiliores
1435 808 1676 894 explicationes
1700 810 1906 895 confugiant.

218 930 285 996 Sed
309 931 437 994 etiarnsi
461 931 505 993 sit
527 927 676 1007 dubium,
702 927 867 1012 quomodo
891 925 944 990 hic
968 950 1046 992 usus
1070 927 1290 1013 explicandus
1313 929 1366 1009 sit,
1390 940 1499 991 tamen
1523 928 1723 1011 significatio
1747 929 1907 1015 simplicis

217 1049 423 1133 conjunctivi
447 1047 489 1110 ab
513 1032 725 1131 conjunctivo
750 1069 824 1108 cum
848 1043 890 1109 dv
913 1047 1091 1130 conjuncto
1115 1047 1173 1109 vix
1197 1046 1316 1110 differt.

371 1165 522 1229 Eundem
547 1164 680 1228 dicendi
704 1186 798 1227 usum
823 1163 999 1228 Scheibius
1023 1163 1151 1247 v11,27
1176 1186 1249 1229 esse
1272 1164 1387 1244 voluit,
1413 1162 1469 1227 ubi
1490 1163 1616 1228 codicis
1636 1163 1665 1227 A
1685 1166 1792 1248 prima
1810 1188 1910 1230 manu

124 1314 129 1321 ·
218 1284 280 1349 hoc
310 1285 470 1369 scriptum
493 1282 659 1346 videmus:
689 1286 744 1345 καὶ
767 1281 967 1346 όιεκελεύεθ’
991 1279 1082 1357 ὅπως
1112 1282 1185 1347 ἀντι
1214 1286 1324 1347 πάθοι
1346 1285 1514 1364 πρότερον
1536 1282 1736 1368 ἐγγραφο.σι
1759 1307 1800 1366 με
1824 1334 1831 1348 .
1856 1334 1863 1348 .
1888 1334 1908 1367 .,

219 1425 305 1489 qnae
335 1400 438 1465 verba
467 1400 570 1465 altera
598 1423 697 1464 manu
720 1402 767 1463 ita
789 1412 914 1464 mutata
937 1413 1028 1481 sunt,
1061 1411 1097 1463 ut
1123 1399 1299 1486 praebeat:
1324 1397 1398 1464 ἄντι
1422 1448 1430 1463 .
1457 1448 1464 1462 .
1490 1449 1498 1477 ,
1523 1400 1724 1487 ἐγγράφωσι.
1771 1403 1833 1468 Pro
1858 1402 1909 1485 ἐγ-

216 1523 376 1605 γράφο.σι
399 1521 524 1605 primae
548 1541 664 1582 manus
688 1519 935 1602 conjunctivum
953 1519 1150 1603 ἐγγράφωσι
1168 1517 1344 1602 legendum
1366 1541 1437 1583 esse
1457 1518 1586 1601 lacuna,
1608 1542 1693 1605 quae
1713 1531 1788 1605 post
1807 1543 1826 1585 ο
1846 1533 1908 1602 est,

217 1637 359 1701 indicari
386 1639 585 1722 interpretes
614 1646 703 1700 recte
726 1636 892 1700 viderunt.
939 1634 1116 1701 Scheibius
1148 1650 1256 1701 autem
1287 1639 1566 1701 constructionem
1597 1636 1673 1702 ἄντι
1696 1642 1808 1704 πάθοι
1830 1640 1907 1705 ferri

218 1779 284 1821 non
309 1778 406 1840 posse
429 1766 519 1818 ratus
539 1771 613 1840 post
631 1753 672 1817 ἄν
693 1755 888 1840 particulam
908 1756 939 1818 εἰ
957 1754 1109 1818 voculam
1129 1755 1337 1819 inserendam
1359 1778 1430 1819 esse
1450 1759 1590 1840 putavit,
1615 1779 1680 1841 quo
1700 1756 1787 1822 facto
1808 1781 1906 1822 enun-

218 1875 290 1938 tiati
313 1873 422 1937 finalis
446 1873 659 1958 conjunctivo
683 1871 724 1935 ἄν
748 1873 889 1938 additur.
936 1873 1052 1959 Neque
1075 1883 1185 1937 tamen
1209 1872 1381 1953 habemus,
1406 1896 1465 1936 cur
1488 1896 1507 1936 a
1530 1876 1695 1960 scriptura
1718 1875 1839 1940 traditu
1861 1899 1910 1940 re·

219 1991 389 2070 cedamus,
423 2014 496 2055 cum
520 1993 578 2056 ἐάν
609 2015 682 2055 cum
714 1994 861 2078 optativo
892 1993 1105 2077 conjunctum
1136 1993 1168 2054 in
1200 1996 1347 2057 oratione
1380 1991 1516 2078 obliqua
1539 1994 1618 2078 poni
1642 2015 1740 2077 posse
1765 2017 1823 2079 pro
1846 1994 1907 2059 ἐάν

219 2109 382 2196 particula
410 2132 483 2173 curu
516 2112 728 2195 conjunctivo
761 2112 887 2175 sociata
910 2112 1068 2175 orationis
1091 2123 1202 2175 rectae
1227 2123 1358 2196 praeter
1380 2109 1463 2175 alios
1487 2109 1747 2189 Kuehnerus††)
1772 2123 1804 2175 et
1826 2113 1909 2178 Rue·

220 2227 402 2306 derus†††)
425 2228 535 2292 multis
559 2228 721 2312 exemplis
744 2227 1047 2313 comprobaverint.
1094 2227 1256 2293 Codicum
1280 2240 1387 2292 autem
1412 2230 1578 2314 scriptura
1600 2244 1731 2293 servata
1754 2229 1908 2296 hocloco

219 2357 367 2432 tempore
391 2345 588 2411 secundario
613 2345 832 2410 antecedente
857 2343 950 2422 ὅπως
974 2368 1048 2410 cum
1068 2348 1280 2432 conjunctivo
1298 2348 1520 2432 conjungitur,
1545 2346 1587 2411 de
1608 2370 1673 2433 quo
1694 2347 1828 2412 dicendi
1848 2371 1911 2413 usu

220 2463 318 2529 modo
343 2463 498 2528 diximus.

373 2631 400 2697 *)
419 2634 436 2683 i.
455 2651 478 2683 c.
496 2650 554 2699 pag.
576 2632 631 2682 120.

372 2718 414 2778 **)
433 2735 472 2784 gr.
491 2720 526 2768 ΙΙ.
546 2730 605 2783 ptig.
624 2716 682 2768 900.
697 2716 721 2767 5.

374 2801 433 2869 ***)
451 2820 511 2869 pag.
529 2802 579 2851 217
598 2821 637 2867 sq.

373 2884 591 2954 flic§ffih

373 2972 420 3036 ††)
439 2990 476 3038 gr.
496 2974 530 3023 11.
549 2989 608 3038 pag.
629 2972 703 3031 1054,
720 2973 744 3022 4.

375 3055 441 3121 dibi)
459 3058 477 3106 l.
495 3075 517 3105 c.
536 3074 595 3122 pag.
615 3056 656 3106 72.

842 3438 900 3444 --
911 3427 1332 3458 *mooun——
