4284 5572
257 366 305 431 34

253 560 334 647 quid
357 569 469 625 orator
492 558 603 622 dicere
627 557 796 640 voluisset,
820 582 895 622 eum
919 560 1092 645 scripsisse
1116 556 1208 623 ὅθεν,
1240 560 1358 645 Neque
1377 559 1473 623 aliter
1489 560 1686 637 Linckius*l
1699 560 1842 646 judicat,
1869 584 1944 626 cum

252 688 357 763 putet,
382 678 471 763 quod
495 680 522 741 si
546 680 733 763 exprimere
757 692 868 742 orator
891 678 1061 755 voluisset,
1085 678 1172 741 haud
1192 677 1292 742 dubie
1312 678 1496 764 simplicius
1516 670 1583 759 οἷς,
1608 678 1643 742 id
1662 680 1750 765 quod
1771 680 1947 745 Beklterus

253 821 314 884 pro
343 797 397 859 ἵνα
428 798 619 882 proposuit,
650 819 723 859 eum
755 796 892 861 dixisse.
938 796 1085 859 Bekkcri
1115 809 1224 860 autem
1249 798 1441 880 conjectura
1460 820 1660 883 quamquam
1683 797 1726 860 ad
1749 802 1945 863 sententiam

254 926 305 981 est
327 925 415 1001 apta,
445 928 555 979 tamen
580 928 758 1000 propterea
780 938 846 978 non
870 918 949 979 satis
973 916 1092 1001 placet,
1125 914 1215 1001 quod
1239 937 1303 979 non
1328 927 1378 979 est
1400 916 1499 1001 plane
1522 918 1748 1001 perspicuum,
1779 917 1945 1002 quomodo

252 1033 308 1098 illc
332 1056 425 1099 error
448 1037 480 1097 iu
505 1034 612 1097 locum
638 1033 746 1097 illatus
769 1036 822 1096 sit.
868 1034 985 1119 ltaque
1010 1035 1191 1119 quaeritur,
1217 1056 1292 1097 num
1317 1034 1466 1098 codicum
1487 1036 1652 1119 scriptura
1670 1032 1712 1097 ab
1729 1058 1791 1100 usu
1810 1036 1944 1099 dicendi

252 1175 375 1238 graeco
418 1151 612 1231 abhorreat,
657 1175 731 1215 cum
771 1155 964 1237 pracsertim
1004 1165 1135 1237 practer
1173 1152 1439 1216 Scltoemannum
1477 1153 1677 1217 Turicenses
1716 1154 1946 1219 Bucrmannus

253 1270 428 1335 Scheibius
451 1293 523 1333 eam
547 1284 690 1333 servent.
729 1270 886 1334 Omnium
907 1271 1052 1335 locorum
1078 1272 1135 1355 qui
1159 1270 1201 1333 ad
1220 1270 1304 1333 hanc
1329 1272 1525 1357 scripturam
1547 1274 1732 1357 cornparari
1752 1276 1946 1357 possunt**)

254 1392 283 1455 is
312 1400 438 1453 tantum
469 1402 560 1451 recte
585 1387 648 1451 lruc
672 1392 832 1473 pertinet,
862 1411 960 1473 quem
985 1388 1074 1475 apud
1097 1387 1329 1473 Thucydidem
1354 1388 1516 1469 Vlll,i-l.
1534 1390 1566 1453 3.
1598 1392 1756 1474 scriptum
1782 1391 1945 1469 videmus,

254 1530 329 1571 cum
352 1508 490 1593 reliquis
512 1507 594 1571 locis
618 1506 724 1569 allatis
744 1507 789 1582 ὡς
806 1506 857 1569 vel
878 1504 970 1582 ὅπως
989 1507 1153 1591 particula
1172 1509 1367 1592 reperiatur.
1399 1509 1508 1593 Atque
1526 1508 1580 1570 ille
1598 1507 1692 1571 locus
1708 1508 1946 1592 Tlmcydideus

253 1640 433 1713 propterca
455 1638 631 1710 suspectus
656 1624 788 1688 videtur
811 1648 896 1705 esse,
921 1625 1010 1710 quod
1029 1628 1063 1688 in
1082 1625 1309 1710 compluribus
1328 1624 1502 1689 codicibus
1522 1650 1582 1711 pro
1601 1628 1707 1690 forma
1725 1626 1948 1706 τεθνήξονται

254 1746 486 1831 conjunctivus
511 1744 701 1823 τεθιίζκωοι
732 1745 828 1806 inest.
875 1744 982 1823 Quam
1014 1744 1055 1809 ob
1086 1766 1154 1807 rem
1186 1743 1349 1829 exemplis
1374 1766 1439 1808 non
1463 1743 1698 1831 comprobatur·
1721 1745 1775 1807 ἵνα
1800 1766 1874 1808 cum
1898 1746 1945 1808 in·

254 1864 399 1928 dicativo
431 1864 532 1927 futuri
562 1863 721 1946 conjungi
753 1883 869 1947 posse,
902 1872 937 1925 ut
960 1885 1024 1926 non
1055 1864 1098 1926 sit
1125 1862 1278 1925 audentis
1310 1861 1371 1927 hoc
1400 1862 1473 1927 loco
1498 1863 1650 1927 codicum
1674 1864 1873 1947 scripturam
1896 1884 1946 1925 re-

254 1984 368 2067 jicere.
415 1981 664 2066 Simplicissime
696 1992 806 2043 autem
837 1981 890 2043 hie
920 1979 1012 2045 locus
1035 1984 1143 2045 sanari
1170 1993 1296 2066 potest,
1326 1983 1353 2045 si
1378 1980 1644 2056 lloederum***)
1667 1983 1863 2067 sequimur,
1888 1982 1946 2066 qui

253 2099 356 2165 verba
384 2101 438 2163 ἵνα
468 2103 643 2181 γνώσεσθε
675 2099 840 2182 glossema
871 2098 995 2163 indocti
1026 2102 1234 2182 grammatici
1266 2122 1337 2163 esse
1371 2099 1479 2163 docet.
1527 2098 1658 2180 Quibus
1688 2098 1800 2164 verbis
1829 2098 1947 2163 deletis

252 2219 335 2284 nihil
358 2217 585 2297 desideratur,
617 2239 691 2279 curn
717 2214 769 2281 ὅτι
791 2218 953 2303 particula
977 2242 996 2279 a
1019 2220 1180 2300 τεκμήρια
1203 2217 1410 2281 substantivo
1435 2218 1596 2305 pendeat,
1628 2220 1684 2304 qui
1709 2217 1844 2281 dicendi
1867 2240 1947 2281 usus

254 2336 482 2424 compluribus
505 2336 588 2400 loeis
612 2335 848 2421 comprobatur
870 2338 926 2407 (cf,
948 2337 1011 2419 lll,
1026 2340 1075 2400 19.
1101 2337 1238 2418 vistis.)
1275 2336 1383 2415 Addo,
1408 2336 1584 2400 Linckium
1609 2342 1781 2421 quoque†)
1807 2335 1840 2399 id
1858 2335 1948 2421 quod

252 2455 424 2522 Roederus
448 2456 623 2540 proposuit
644 2452 794 2516 laudaro.

355 2575 399 2638 ll.
427 2573 605 2636 Ertuntiata
628 2571 739 2634 finalia
763 2592 848 2653 quae
872 2570 914 2633 ab
938 2570 1031 2647 ὅπως
1055 2571 1220 2657 particula
1243 2574 1420 2657 incipiunt.

407 2692 500 2754 Haec
530 2688 629 2753 habui
661 2712 746 2775 quac
777 2688 817 2752 de
841 2690 895 2751 ἵνα
925 2690 1087 2775 particula
1112 2689 1270 2771 dicerem,
1303 2712 1391 2753 nunc
1415 2690 1456 2753 ad
1481 2713 1521 2753 ca
1544 2694 1715 2754 enuntiata
1737 2688 1949 2777 inspicienda

252 2810 468 2889 accedamus,
500 2832 585 2895 quac
612 2807 654 2871 ab
679 2806 771 2883 ὅπως
796 2808 958 2894 particula
980 2807 1137 2894 pendent.
1179 2808 1303 2887 Usum,
1334 2831 1399 2893 quo
1433 2806 1527 2884 ὅπως
1557 2808 1776 2872 antecedente
1799 2820 1949 2893 tempore

252 2932 409 3018 primario
434 2950 508 2991 cum
532 2928 745 3012 conjunctivo
770 2930 972 2992 construitur
995 2939 1027 2990 et
1049 2926 1267 2991 antecedente
1294 2937 1441 3012 tempore
1466 2926 1664 2991 secundario
1692 2949 1766 2989 cum
1786 2928 1946 3012 optativo,

253 3049 384 3114 silentio
410 3048 590 3133 praeterire
614 3068 758 3130 possum,
789 3047 944 3131 quoniam
969 3069 1033 3110 nou
1059 3045 1169 3109 differt
1191 3044 1232 3107 ab
1258 3068 1319 3108 usu
1342 3046 1399 3107 ἵνα
1421 3046 1615 3131 particulae,
1647 3045 1691 3109 of.
1716 3044 1835 3123 X11,‘2.
1858 3046 1890 3107 4.
1916 3056 1950 3107 et

254 3168 376 3247 vl,36.
396 3168 449 3230 39.
473 3164 568 3245 VIII,
580 3166 633 3229 38.
652 3166 705 3227 39.
751 3165 928 3227 Praeterea
958 3164 1068 3227 verbis
1099 3164 1236 3227 curandi
1261 3164 1447 3250 imperandi
1471 3163 1625 3227 studendi
1651 3166 1723 3226 sim.
1752 3161 1949 3226 anteceden-

253 3286 342 3350 tibus
366 3282 458 3360 ὅπως
487 3282 682 3370 particulam
712 3304 787 3345 oum
815 3282 918 3347 futuri
949 3281 1129 3347 indicativo
1160 3284 1319 3368 conjungi
1351 3283 1456 3348 solere
1491 3284 1694 3360 constut.††l
1735 3280 1823 3345 Satis
1846 3280 1949 3363 igitur

254 3406 317 3469 erit
339 3402 492 3488 exempla
515 3424 709 3485 congerere,
734 3402 777 3464 cl.
799 3402 825 3482 l,
846 3404 896 3465 18.
913 3401 965 3467 33.
992 3400 1137 3480 t⁷11,30.
1163 3402 1224 3484 lx,
1239 3404 1269 3465 l.
1316 3403 1402 3465 Raro
1425 3413 1534 3464 tamen
1558 3422 1618 3485 pro
1642 3399 1824 3463 indicativo
1846 3399 1949 3462 futuri

253 3538 402 3607 ternpore
426 3520 623 3586 secundario
644 3519 862 3584 antecedente
882 3520 983 3583 futuri
1004 3521 1186 3605 optativum
1205 3522 1238 3583 in
1259 3520 1308 3583 his
1328 3520 1507 3583 enuntiatis
1526 3541 1624 3604 posse
1644 3518 1736 3604 poni,
1764 3515 1814 3579 his
1832 3516 1947 3581 verbis

254 3641 489 3717 Akeniusffi)
521 3638 633 3703 docet:
667 3638 743 3702 wie
773 3638 832 3701 der
857 3638 953 3720 Oonj.
986 3660 1059 3700 zum
1084 3637 1238 3723 Optativ‚
1271 3662 1306 3703 so
1340 3638 1429 3701 kann
1463 3636 1547 3701 auch
1582 3636 1641 3700 der
1663 3635 1737 3699 Ind.
1761 3635 1837 3699 Fut.
1862 3634 1947 3698 nach

253 3757 526 3844 Vergungenbeit
548 3780 622 3821 zum
642 3757 756 3843 Optat.
777 3758 852 3821 Fut.
877 3756 1021 3838 werden,
1046 3779 1112 3819 was
1129 3756 1255 3842 jedoch
1279 3757 1383 3821 selten
1407 3758 1460 3821 ist.
1497 3756 1589 3819 Talis
1609 3778 1688 3819 usus
1707 3754 1795 3841 apud
1816 3754 1947 3817 lsaeuru

253 3880 318 3945 duo
351 3878 504 3963 exempla
540 3878 694 3962 repperi,
729 3875 771 3953 11,
782 3878 834 3939 10:
867 3877 1003 3939 ἐσκόπει
1034 3876 1053 3937 ὁ
1083 3877 1245 3954 Μενεκλῆς
1276 3874 1367 3953 ὅπως
1396 3877 1441 3958 μὴ·
1470 3877 1585 3938 ἔσοιτο
1616 3872 1720 3951 ἄπαις
1750 3886 1783 3936 et
1812 3871 1872 3953 Vl,
1887 3873 1945 3935 35:

250 4001 418 4065 desonam·
441 3994 532 4070 ὅπως
555 4002 608 4058 καὶ
632 3996 890 4075 τελευτήσαντος
914 3994 1039 4057 ἐκείνου
1063 3993 1218 4057 διίιύτοῖτ
1240 3996 1353 4058 ἔσοιτο
1378 3994 1396 4076 r}
1419 3994 1528 4058 οὐσία.

405 4116 536 4196 Restat,
572 4126 607 4178 ut
636 4113 719 4179 duos
749 4113 839 4179 locos
870 4135 1142 4194 commemorem,
1174 4134 1314 4198 quorum
1343 4113 1426 4176 alter
1457 4111 1595 4191 V11‚30
1627 4111 1673 4174 ita
1701 4110 1846 4194 scriptus
1877 4118 1945 4173 est:

252 4240 345 4315 τόσῳ
381 4237 447 4315 γὰρ
482 4236 531 4315 τῷ
563 4234 700 4314 ἄρχοντι
737 4236 802 4296 tois·
838 4232 956 4312 οἴκων,
994 4228 1085 4306 ὅπως
1120 4232 1162 4293 ds·
1196 4232 1240 4313 μὴ
1270 4230 1514 4313 &conponam
1549 4232 1754 4313 προστάττει
1783 4228 1843 4307 τὴν
1872 4228 1947 4290 ἑπι-

406 4421 433 4485 ¹¹)
452 4422 469 4471 l.
487 4440 510 4471 c.
529 4438 588 4486 pag.
610 4420 649 4469 15.

406 4508 447 4561 **)
466 4508 500 4555 cf.
520 4507 625 4555 Kuehn.
644 4522 683 4570 gr.
703 4506 736 4554 11.
755 4522 813 4569 pag.
832 4504 884 4553 tllltl
901 4519 963 4553 auu.
981 4503 1007 4551 4.

409 4590 467 4655 ***)
488 4592 504 4641 l.
523 4607 545 4640 c.
565 4606 625 4656 pag.
644 4590 686 4639 77.

407 4677 438 4740 l)
457 4677 474 4725 1.
493 4694 515 4725 c.
534 4692 596 4741 pag.
616 4674 656 4724 15.

407 4760 455 4823 ††)
475 4762 509 4810 cf.
529 4761 633 4809 Kuehu.
651 4776 689 4825 gr.
710 4760 744 4808 11.
763 4776 822 4824 pag.
842 4757 888 4807 'sul
911 4768 937 4808 rt
956 4759 1041 4807 Alrcn.
1060 4758 1076 4823 ᾗ·
1097 4756 1146 4805 ltu
1164 4773 1221 4822 sqq.

407 4846 474 4907 †††)
492 4846 510 4895 1.
526 4864 549 4896 c.
566 4842 583 4911 ξ
603 4844 660 4895 118.
