4284 5572
1872 435 1919 503 23

227 638 442 719 dicionalium
480 639 622 727 protasis
654 640 741 704 aetio
771 662 850 704 vero
884 662 992 703 rerum
1026 640 1125 704 statui
1157 660 1346 726 repugnare
1379 636 1516 725 possit,·
1543 634 1601 702 sed
1634 636 1732 701 etiam
1764 633 1922 718 apodosis

230 762 474 826 enuntiatorum
506 760 673 824 irrealium
698 784 715 823 c
738 761 840 824 variis
864 759 978 827 formis
1002 770 1142 839 constet,
1175 784 1241 825 non
1268 770 1318 823 est
1346 757 1494 840 dubium,
1528 759 1608 843 quin
1637 779 1703 820 non
1727 765 1791 819 tarn
1817 754 1923 821 forma

228 881 388 944 enuntiati
421 903 517 966 quam
549 889 617 944 toto
642 881 877 943 sententiarum
904 902 992 943 nexu
1015 878 1141 965 aliquid
1164 881 1246 963 fingi
1270 878 1359 965 quod
1383 881 1411 943 is
1436 879 1493 964 qui
1522 877 1669 964 loquitur
1695 876 1827 939 veritati
1855 898 1923 941 uon

226 1000 429 1087 respondere
450 1023 513 1065 non
534 1002 676 1084 ignorat,
702 1000 916 1085 exprimatur.
963 998 1106 1063 Omnino
1126 1008 1234 1062 autern
1252 996 1314 1063 hoc
1334 995 1512 1062 tenendum
1533 1007 1594 1076 est,
1615 1019 1680 1061 non
1701 1017 1743 1059 ex
1765 993 1923 1082 apodosis

220 1119 354 1202 forma,
385 1118 444 1185 sed
474 1142 516 1183 ex
546 1121 671 1206 protasi
702 1118 773 1184 sola
795 1121 974 1202 cognosci,
1005 1118 1098 1203 cujus
1123 1118 1365 1182 enuntiatorum
1399 1116 1678 1182 condicionalium
1702 1116 1836 1200 generis
1859 1116 1924 1179 sin-

227 1240 307 1325 gula
330 1239 485 1326 exempla
508 1243 583 1324 sint,
609 1237 641 1302 id
667 1237 755 1326 quod
780 1239 876 1302 etiam
902 1236 1061 1318 Pollius*)
1086 1237 1193 1305 docet.

330 1465 440 1553 Caput
462 1466 507 1530 II.
554 1465 736 1530 Enuntiata
759 1486 844 1550 quae
868 1463 899 1529 εἰ
923 1487 997 1528 cum
1022 1466 1168 1551 optativo
1194 1465 1373 1551 conjuncta
1396 1463 1590 1529 formantur.

384 1604 427 1667 Εἰ
459 1602 623 1689 particula
652 1625 725 1667 cum
758 1602 906 1688 optatIvo
937 1603 1065 1668 sociata
1087 1602 1283 1666 sententiam
1308 1602 1487 1681 enuntiati,
1521 1599 1609 1687 quod
1634 1599 1824 1664 condicioni
1848 1596 1924 1664 sub·

218 1723 387 1809 jungitur,
411 1725 446 1787 in
470 1721 542 1788 sola
565 1732 673 1787 mente
696 1721 863 1810 loquentis
888 1744 959 1787 esse
980 1723 1121 1809 positam
1141 1722 1349 1808 exprimitur.
1395 1719 1555 1786 Videmus
1580 1721 1681 1805 igitur
1696 1721 1762 1783 vim
1783 1720 1924 1805 optativi

228 1865 313 1929 quae
345 1853 396 1907 est
426 1845 459 1906 in
492 1842 631 1929 periodo
665 1840 888 1909 condicionali
922 1841 963 1906 ab
996 1865 1036 1906 ea
1065 1844 1097 1905 vi
1133 1863 1217 1927 quae
1242 1843 1274 1905 in
1299 1842 1542 1906 enuntiatorum
1566 1838 1746 1904 liberorum
1771 1840 1919 1925 optativo

228 1963 331 2046 inest,
362 1974 427 2027 non
461 1961 663 2049 discrepare.
709 1961 836 2026 Eadem
867 1960 908 2024 de
937 1984 1038 2028 causa
1073 1961 1155 2026 tales
1179 1966 1363 2026 sententiae
1386 1985 1451 2026 non
1476 1960 1517 2025 ad
1542 1972 1672 2046 tempus
1695 1960 1921 2046 praeteritum,

229 2081 287 2147 sed
319 2081 359 2145 ad
391 2105 550 2169 praesens
586 2092 619 2146 et
649 2082 794 2146 futurum
825 2081 1003 2167 pertinent.
1050 2081 1166 2146 Utrum
1199 2090 1307 2145 autern
1338 2082 1534 2145 sententiam
1564 2081 1705 2164 protasis
1729 2088 1922 2142 eventuram

228 2223 299 2267 esse
340 2214 554 2289 exspectetur
590 2224 717 2285 necne,
748 2223 883 2287 prorsus
921 2224 987 2266 non
1017 2200 1183 2265 indicatur
1214 2201 1321 2265 forma
1358 2199 1489 2286 periodi
1521 2196 1777 2285 hypotheticae,
1813 2220 1922 2283 neque

228 2322 333 2406 magis
373 2321 589 2408 exprimitur,
623 2344 699 2385 num
733 2323 867 2386 omnino
899 2321 971 2385 fieri
1005 2322 1110 2408 possit
1140 2321 1227 2384 actio
1259 2321 1411 2405 protasis.
1464 2317 1739 2401 Kuehnerus**),
1771 2327 1808 2381 ut
1838 2316 1922 2382 elios

227 2442 497 2526 praetermittam,
522 2440 609 2505 hunc
634 2440 768 2506 dicendi
792 2462 884 2504 usum
910 2442 956 2504 ita
979 2437 1239 2504 circumscribit:
1270 2439 1312 2502 Εἰ
1335 2462 1364 2505 c.
1389 2450 1457 2524 opt.
1482 2439 1563 2502 wird
1587 2436 1791 2523 gebraucht‚
1826 2459 1921 2501 vvcnn

229 2558 283 2623 die
306 2558 507 2646 Bedinguug
538 2560 696 2645 lediglich
728 2561 776 2626 als
807 2572 906 2624 etwas
938 2559 1178 2645 {gegenwitrtig
1208 2558 1290 2623 oder
1317 2557 1504 2642 zukr'inftig)
1528 2558 1741 2642 Ungewisses
1765 2556 1831 2621 und
1855 2555 1922 2621 Un-

229 2677 502 2763 entachisdenes,
534 2681 582 2745 als
614 2682 706 2744 reine
739 2678 911 2744 Annalrme
945 2678 1029 2745 ohne
1058 2679 1120 2743 alle
1144 2677 1327 2743 ltocksieht
1357 2679 1416 2742 auf
1438 2676 1674 2741 Wirlrlichkeit
1708 2676 1789 2742 oder
1811 2675 1925 2740 Niebe-

224 2797 469 2881 'wirlrlichkeit‚
493 2799 714 2886 Moglichkeit
743 2799 823 2866 oder
846 2799 1119 2885 Unmiigliclrkcit
1147 2797 1345 2862 bezeichnet
1377 2798 1510 2862 werdon
1540 2795 1618 2877 soll,
1654 2820 1738 2882 quae
1772 2795 1922 2861 definitio

229 2921 417 2984 accuratius
441 2928 529 2986 esset
551 2940 723 3007 expressa,
748 2922 776 2985 si
794 2919 898 2984 verba
921 2919 968 2984 als
991 2929 1091 2984 etwas
1113 2918 1345 3000 „Ungewisscs
1363 2917 1432 2982 und
1450 2915 1780 2983 Unentschiedencs“
1802 2917 1924 2981 omissa

229 3051 349 3103 essent.
395 3038 496 3105 Falsa
525 3051 633 3104 autem
665 3049 760 3122 sunt,
790 3061 876 3126 quae
899 3039 1146 3108 Braunius***r
1172 3038 1287 3104 docet:
1321 3039 1411 3117 „Der
1435 3036 1572 3126 Optativ
1591 3037 1651 3101 mit
1673 3036 1704 3101 εἰ
1727 3034 1924 3100 bezeichnet

228 3159 325 3222 einen
355 3157 598 3224 zwelielhaften
628 3158 709 3224 oder
738 3157 936 3226 unsiehereu
969 3158 1059 3240 Fall,
1093 3157 1174 3224 oder
1205 3178 1368 3243 gensuer:
1401 3157 1455 3221 die
1487 3155 1665 3222 Annahme
1691 3157 1784 3221 eines
1814 3155 1923 3220 Falles

227 3278 287 3342 mit
317 3276 377 3342 der
408 3276 631 3364 Audentuug‚
665 3277 741 3344 dass
772 3302 848 3343 man
877 3302 917 3343 an
950 3278 1009 3343 der
1041 3277 1280 3343 Wirkliclrkeit
1310 3276 1391 3342 oder
1422 3274 1715 3361 Verwirkliehuug
1747 3272 1921 3341 desselben

215 3396 367 3474 'aneilla
392 3395 524 3464 obwohl
545 3421 621 3463 man
644 3399 693 3464 sie
712 3397 799 3463 noch
822 3400 915 3464 nicht
937 3398 1103 3484 geradezu
1122 3399 1155 3461 in
1175 3396 1310 3461 Abrede
1329 3396 1448 3462 stellt.“
1483 3395 1568 3462 Cum
1588 3405 1697 3461 autem
1715 3407 1757 3460 e'x
1777 3397 1818 3461 iis
1838 3418 1922 3482 quae

229 3515 433 3602 cogitatione
466 3516 519 3582 vel
551 3526 660 3581 mente
691 3517 857 3604 loquentis
881 3519 1104 3601 continentur,
1138 3516 1219 3581 nihil
1244 3515 1399 3582 concludi
1423 3518 1539 3603 possit,
1573 3515 1662 3603 quod
1687 3539 1753 3581 non
1775 3514 1863 3580 idem
1889 3517 1923 3579 in

230 3635 341 3701 animo
363 3637 507 3722 positum
531 3637 584 3719 ait,
608 3637 642 3701 in
662 3636 802 3725 apodosi
821 3638 1003 3724 optatIvum
1020 3635 1061 3700 ἄν
1080 3637 1275 3724 particulae,
1296 3661 1362 3724 qua
1380 3660 1448 3701 rem
1469 3660 1512 3700 ex
1532 3634 1705 3700 indefinita
1724 3633 1922 3702 condiclone

226 3753 374 3841 pendere
393 3753 570 3839 indicatur,
590 3757 717 3822 socium
737 3778 913 3823 occurrere
933 3767 1191 3822 consentancum
1210 3768 1269 3839 est,
1291 3756 1331 3821 cf.
1352 3757 1378 3839 I,
1390 3758 1443 3821 36.
1464 3755 1527 3839 III,
1543 3759 1591 3821 11.
1612 3755 1672 3838 VI,
1687 3755 1741 3820 53.
1760 3754 1856 3837 VIII,
1867 3756 1921 3819 40.

217 3874 288 3957 IX,
300 3875 331 3940 8.
356 3874 417 3958 XI,
429 3873 482 3940 38.
528 3874 645 3961 Neque
677 3885 787 3940 tamen
817 3874 872 3942 alii
897 3875 987 3941 modi
1009 3875 1051 3939 ab
1076 3875 1214 3962 apodosi
1239 3900 1373 3963 prorsus
1398 3875 1590 3957 abhorrent,
1622 3874 1681 3942 sed
1705 3876 1922 3962 etiam'prae·

227 3995 331 4060 sentis
360 3994 562 4060 indicativus
593 3993 702 4060 locum
729 3993 840 4061 habet.
885 3995 1065 4076 Praesens,
1096 3995 1186 4082 quod
1216 4018 1281 4060 uno
1305 3996 1378 4061 loco
1403 3999 1586 4083 reperitur,
1617 3997 1663 4061 ita
1685 3993 1921 4082 explicandum

213 4123 295 4197 est,
326 4124 362 4179 ut
389 4116 417 4180 is
451 4117 507 4200 qui
539 4113 686 4201 loquitur
716 4116 882 4180 actionem
913 4115 1070 4200 apodosis
1101 4116 1227 4201 protasi
1251 4114 1387 4203 impleta
1410 4126 1601 4180 eventuram
1625 4138 1698 4180 esse
1722 4115 1811 4179 omni
1834 4137 1921 4180 asse-

221 4230 397 4300 veratione
415 4222 588 4317 'alfii-met,
622 4234 665 4298 cf.
690 4236 781 4318 Las.
827 4235 1005 4300 Praeterea
1032 4236 1150 4321 paucis
1178 4235 1261 4300 locis
1289 4236 1324 4299 in
1360 4234 1499 4321 apodosi
1524 4236 1694 4322 praeteriti
1719 4233 1922 4301 indicativus

227 4354 382 4434 occurrit,
406 4353 449 4418 cf.
473 4353 569 4436 VIII,
585 4355 634 4436 15,
658 4350 822 4418 ubi'hacc
846 4354 971 4441 scripta
992 4353 1163 4419 videmus:
1191 4345 1255 4418 οἷα
1278 4356 1342 4437 γὰρ
1366 4356 1456 4431 εἰκὸς
1477 4353 1612 4419 παίδων
1630 4356 1731 4420 υἱέων
1750 4352 1784 4430 ἐξ
1803 4356 1924 4420 ἑαυτοῦ

225 4473 408 4556 θυγατρός,
431 4472 649 4538 οὐδεπώποτε
671 4475 797 4537 θυσίαν
819 4470 897 4537 ἄνευ
915 4473 1005 4556 ἡμῶν
1028 4472 1186 4556 οὐδεμίαν
1208 4474 1379 4555 ἐποίησεν,
1409 4475 1480 4538 ἀλλ’
1503 4473 1567 4538 εἴτε
1591 4474 1694 4556 μικρὰ
1712 4473 1779 4538 εἴτε
1796 4475 1922 4557 μεγάλα

380 4709 405 4774 *)
425 4711 531 4772 „Ueber
544 4714 587 4763 die
601 4714 865 4779 Bedingungssitzo“
881 4714 908 4761 in
923 4714 974 4762 den
988 4728 1076 4763 neuen
1091 4712 1276 4763 Jahrbiichorn
1290 4714 1333 4762 sur
1348 4713 1498 4778 philologio
1518 4714 1572 4764 und
1586 4714 1742 4780 Piidagogik
1758 4730 1809 4763 von
1826 4712 1921 4763 Fleck-

162 4861 165 4867 .
227 4797 302 4848 cisen
321 4797 375 4846 und
393 4798 504 4847 Masius.
541 4799 652 4862 Leipzig
672 4795 746 4857 1891,
764 4815 824 4864 pag.
843 4797 901 4847 266.

382 4880 422 4944 **)
441 4899 478 4948 gr.
498 4883 533 4932 11.
552 4882 610 4932 978.

382 4963 437 5031 ***)
455 4966 544 5019 Ueber
562 4968 605 5018 die
623 4967 848 5034 hypothetischen
868 4968 1029 5034 Satagefrige
1048 4969 1095 5018 der
1111 4968 1297 5035 griechIschen
1316 4969 1441 5034 Spraehei
1474 4967 1588 5020 Cottbns
1608 4966 1682 5025 laea,
1701 4982 1760 5035 pag.
1782 4965 1820 5017 13.
