4284 5572
1875 393 1919 466 19

223 589 410 671 εἰσαγαγεῖν
433 593 488 654 καὶ
511 587 556 672 μὴ
577 589 794 671 ποιήσασθαι
816 593 875 653 τὸν·
899 589 980 672 ἐμὸν
1004 589 1152 676 ἀδελφὸν
1176 593 1249 657 υἱὸν
1273 591 1364 673 αὑτῷ
1387 601 1446 674 est,
1471 590 1618 684 pendere
1642 604 1719 679 apte
1742 592 1920 678 iudicatur,

224 732 297 773 cum
329 709 524 795 pracsertim
554 710 722 775 enuntiato
754 709 843 796 quod
874 711 1024 795 sequitur
1055 733 1072 773 e
1097 711 1264 777 contrario
1288 712 1430 798 protasis
1453 711 1574 798 prioris
1598 712 1757 777 enuntiati
1778 710 1812 776 id
1832 698 1922 801 quod

223 851 258 893 re
292 850 372 892 vera
403 829 524 893 factum
559 838 609 892 est
646 827 832 913 colligatur.
877 829 1003 895 Locum
1035 841 1163 913 autem,
1197 832 1254 917 qui
1287 829 1363 912 Vll,
1375 830 1416 895 33
1440 840 1559 914 exstat,
1589 833 1648 896 vix
1673 831 1809 917 dignum
1833 855 1919 918 esse,

222 950 277 1035 qui
303 959 591 1030 commemoretur,
613 947 817 1018 Roederns
808 971 880 1035 rpse
903 948 999 1033 vidit,
1025 949 1114 1036 quod
1138 973 1180 1014 ex
1202 948 1315 1014 verbis
1339 972 1424 1036 qnae
1447 949 1650 1025 antecedunt
1672 953 1705 1015 τί
1726 952 1901 1033 &damst
1878 976 1921 1017 αν

222 1066 366 1151 ἔπραξεν
388 1067 553 1154 particula
576 1067 722 1155 suppleri
746 1077 874 1152 potest,
908 1068 951 1133 cl.
977 1068 1130 1135 Schoem.
1155 1069 1196 1134 ad
1220 1069 1307 1133 huno
1331 1069 1451 1135 locum.
1496 1027 1629 1157 Reliqui
1653 1083 1730 1136 sunt
1751 1082 1818 1171 tres
1841 1072 1918 1157 loci,

223 1191 280 1272 qui
317 1186 375 1268 lV,
404 1190 451 1250 11.
485 1187 547 1268 IX,
568 1187 621 1252 34
654 1186 733 1268 XII,
756 1189 775 1251 8
813 1189 1032 1274 reperiuntur
1100 1189 1208 1254 Primo
1246 1186 1374 1254 loco”
1351 1213 1392 1254 ον
1422 1213 1442 1254 a
1479 1191 1560 1256 viris
1590 1189 1697 1257 doctis
1728 1202 1819 1257 reete
1788 1193 1920 1258 t·ad

217 1304 370 1392 junctum
395 1329 467 1371 esse
492 1316 609 1371 contra
629 1305 817 1371 Roederum
842 1307 1093 1390 contenderim,
1124 1332 1197 1373 nam
1223 1306 1267 1375 ἄν
1290 1309 1454 1396 particula
1476 1313 1510 1374 in
1533 1310 1637 1375 altero
1662 1311 1792 1399 periodi
1815 1295 1918 1400 hypo·

220 1426 365 1491 theticaa
394 1423 542 1491 membro
575 1427 684 1513 posita
713 1429 812 1493 etiam
842 1429 877 1491 in
904 1429 1015 1514 priore
1039 1427 1187 1495 membro
1211 1427 1253 1493 ἄν
1277 1453 1349 1494 esse
1375 1428 1565 1516 ponendum
1589 1429 1688 1494 fidem
1713 1432 1807 1515 facit,
1841 1456 1915 1499 cnm

222 1547 417 1634 praesertim
442 1556 517 1610 ante
541 1545 615 1610 οὐδ’
637 1548 847 1631 negationem
872 1545 914 1611 ἄν
934 1546 1100 1613 excidisse
1120 1571 1298 1614 sumamus.
1332 1549 1439 1613 Aliter
1458 1551 1491 1613 in
1511 1550 1571 1630 IX,
1583 1550 1624 1614 34
1644 1574 1696 1614 res
1716 1574 1788 1617 sese
1808 1551 1919 1637 habet,

221 1663 278 1730 ubi
310 1665 391 1729 haec
415 1666 540 1751 scripta
562 1676 654 1729 sunt:
682 1667 726 1747 μὴ
749 1671 875 1751 τοίνυν,
898 1659 926 1732 ὦ
948 1665 1076 1753 ἄνδρες,
1108 1667 1323 1750 εἰσποινξσητε
1346 1668 1421 1733 υἱὸν
1446 1672 1640 1758 Ἀστυφίλῳ
1665 1666 1702 1735 ὃν
1725 1672 1797 1735 οὐδ’
1819 1671 1920 1750 αὐτὸς

221 1785 287 1865 ζών
318 1785 445 1861 ἐκεῖνος
474 1785 662 1865 ἐποιήσατο
693 1835 700 1849 .
727 1835 734 1850 .
761 1835 769 1850 .
802 1787 884 1851 Nam
908 1787 1053 1853 Roederi
1077 1790 1273 1853 senteutiam
1297 1787 1359 1853 hoc
1388 1788 1462 1855 loco
1492 1798 1671 1876 propterea
1701 1791 1918 1877 rejiciendam

222 1926 295 1969 esse
319 1916 410 1990 puto,
436 1903 523 1990 quod
548 1906 576 1968 is
601 1906 657 1990 qui
681 1904 827 1991 loquitur
851 1909 991 1992 exprimi
1018 1909 1151 1973 omnino
1176 1931 1241 1974 non
1266 1908 1345 1991 vult,
1377 1910 1573 1974 sententiam
1598 1911 1762 1975 enuntiati
1787 1911 1916 1976 relativi

221 2023 334 2110 aliqua
365 2022 563 2089 condicione
596 2034 787 2089 eventurum
818 2049 882 2091 non
908 2027 1029 2109 fuisse,
1061 2026 1120 2092 sed
1152 2050 1220 2091 rem
1253 2050 1288 2092 re
1323 2051 1403 2092 vera
1436 2051 1508 2094 esse
1540 2030 1673 2108 factam,
1699 2042 1735 2094 ut
1757 2053 1797 2095 ea
1815 2031 1919 2096 verba

225 2145 273 2206 ita
295 2145 361 2208 sint
383 2134 561 2208 vertendaz
596 2144 688 2209 Setzt
717 2144 804 2228 als0,
836 2144 887 2209 ihr
917 2145 1075 2230 Marmar,
1107 2146 1181 2211 dem
1212 2147 1408 2234 Astyplrilus
1437 2147 1529 2213 nicht
1550 2149 1689 2234 jemand
1720 2173 1793 2215 aum
1826 2150 1915 2217 Sohn

223 2264 294 2345 ein,
329 2263 392 2327 den
424 2286 460 2328 er
491 2261 594 2328 selbot
615 2266 659 2328 im
682 2263 798 2329 Leben
822 2266 914 2330 nicht
936 2265 1103 2353 adoptiert
1124 2266 1204 2333 hat.
1250 2267 1344 2333 Haec
1368 2267 1549 2354 explicatio
1584 2268 1697 2334 verbis
1721 2292 1806 2357 quae
1830 2281 1920 2338 anta·

222 2357 347 2447 cedunt
377 2385 490 2447 Κλέων
522 2433 527 2445 .
554 2433 560 2445 .
586 2432 593 2447 .
626 2382 690 2464 ἐγὼ
713 2381 788 2449 d'osi
812 2406 897 2471 φημι
922 2385 1168 2473 comprobatur.
1213 2387 1371 2475 Denique
1402 2388 1514 2471 XlI,8
1539 2388 1758 2474 Turicenses,
1793 2393 1850 2477 qui
1874 2389 1918 2456 dr

222 2514 439 2590 receperunt,
470 2526 584 2567 vorum
617 2502 742 2569 vidisse
766 2504 981 2590 crediderim,
1014 2530 1088 2571 cum
1121 2506 1175 2572 hio
1198 2509 1230 2570 vi
1256 2508 1398 2594 quadam
1423 2507 1590 2573 rhetorica
1613 2520 1737 2573 certum
1761 2521 1915 2576 eventum

224 2621 365 2686 iudicari
390 2645 461 2687 esse
486 2622 664 2687 verisimile
689 2622 768 2688 milri
792 2648 858 2690 non
880 2626 1049 2710 videatur,
1081 2626 1140 2692 sed
1163 2625 1205 2690 dr
1230 2627 1393 2714 particula
1416 2626 1530 2692 addita
1553 2631 1751 2694 sententiam
1774 2640 1852 2718 apte
1875 2630 1918 2696 ad

221 2741 453 2807 condicionem
478 2743 652 2808 referatur.
1424 2717 1431 2735 .

376 2863 411 2928 Si
441 2872 550 2927 autem
581 2886 621 2928 ea
643 2885 722 2927 vera
746 2875 832 2943 sunt,
865 2887 949 2951 quae
973 2864 1014 2930 de
1046 2867 1215 2953 praeteriti
1247 2867 1407 2953 simplicis
1432 2878 1465 2932 et
1487 2869 1658 2954 praeteriti
1684 2891 1757 2933 cum
1782 2867 1823 2933 ἄν
1847 2894 1920 2958 par·

220 2981 322 3047 ticula
351 2983 520 3069 conjuncti
548 2982 737 3047 differentia
771 2983 932 3068 diximus,
966 2987 999 3049 in
1024 2987 1161 3072 apodosi
1187 3010 1298 3052 eornm
1325 2997 1589 3070 enuntiatorum,
1619 3012 1704 3075 quae
1727 2989 1831 3054 verba
1853 2991 1920 3056 ἔδει

220 3104 367 3187 προσῆκε
397 3102 496 3186 ἐχρῆν
520 3100 651 3178 δίκαιος
675 3093 714 3184 ἦν
738 3105 916 3186 ἀναγκαῖον
940 3097 978 3187 ἦν
1001 3107 1121 3172 similia
1144 3106 1321 3190 exhibent,
1354 3106 1397 3171 ἄν
1420 3107 1617 3195 particulam
1641 3107 1757 3174 deesse
1782 3131 1920 3176 consen·

221 3231 354 3287 tansum
388 3232 456 3305 θοις
487 3245 561 3286 naru
594 3223 621 3286 si
653 3225 688 3285 in
718 3223 857 3310 apodosi
892 3228 1101 3292 necessitatis
1132 3226 1233 3292 officii
1259 3228 1436 3314 aequitatis
1459 3227 1614 3293 similium
1639 3230 1729 3295 notio
1755 3241 1816 3312 ast,
1841 3253 1920 3318 apo·

222 3340 313 3406 dosis
337 3343 503 3406 sententia
525 3341 567 3405 ad
591 3341 822 3409 condicionem
845 3368 911 3409 non
934 3345 1074 3410 refertur
1096 3369 1204 3433 neque
1224 3349 1353 3410 incerta
1368 3346 1547 3432 indicatur,
1572 3347 1675 3413 sedis
1696 3351 1751 3435 qui
1771 3349 1921 3437 loquitur

222 3472 376 3527 eventum
401 3462 586 3526 sententiae
609 3461 767 3548 apodosis
791 3463 888 3551 plane
914 3476 1038 3531 certum
1063 3489 1244 3553 verumque
1263 3466 1411 3553 judicari
1435 3465 1517 3531 vult.
1556 3467 1656 3549 Quod
1680 3479 1715 3532 ut
1733 3469 1919 3554 ostendam,

222 3582 409 3668 exemplum
430 3581 581 3647 afferam:
608 3579 735 3664 vult:
758 3587 869 3649 καίτοι
891 3584 966 3649 οὐδ)
989 3585 1019 3650 εἰ
1042 3588 1173 3668 γνήσιοι
1195 3576 1295 3669 ἦσαν,
1319 3587 1510 3668 εἰσποιήτοι
1528 3587 1577 3668 δέ,
1601 3589 1646 3663 ὡς
1666 3575 1759 3653 οὗτοι
1778 3587 1921 3677 ἔφασαν,

222 3698 296 3764 οὐδ’
318 3696 405 3764 οὕτω
429 3703 596 3786 προσῆκεν
620 3700 738 3778 αὐτοὺς
763 3703 975 3787 Εὐκτήμονος
998 3696 1093 3771 εἶναι.
1142 3705 1264 3771 Orator
1279 3705 1334 3769 hie
1354 3705 1466 3769 dicere
1485 3703 1570 3770 vult:
1592 3706 1802 3794 Quocunque
1822 3707 1920 3774 modo

221 3841 275 3885 res
305 3843 379 3885 sese
403 3817 520 3902 habet,
553 3821 770 3888 Euctemonis
799 3823 858 3888 filii
882 3823 997 3889 haberi
1022 3849 1088 3890 non
1111 3835 1267 3913 possunt,
1301 3826 1429 3890 etiamsi
1453 3825 1593 3910 legitimi
1618 3838 1729 3892 essent
1751 3828 1809 3917 filii
1834 3828 1920 3894 Euc-

221 3940 381 4023 temonis,
413 3963 474 4026 per
496 3939 709 4029 adoptionem
734 3952 842 4008 autem
873 3945 908 4009 in
932 3944 1189 4011 Philoctemonis
1217 3953 1317 4031 atque
1340 3944 1539 4028 Ergarnenis
1571 3944 1686 4012 domos
1710 3949 1919 4031 transissent,

223 4059 266 4124 cf.
297 4071 472 4145 praeterea
493 4060 539 4144 ΙΙ,
555 4061 604 4126 15.
621 4063 673 4126 39.
698 4060 761 4144 ΙΙΙ,
773 4063 824 4128 28.
840 4064 894 4128 36.
910 4065 963 4129 49.
980 4066 1035 4130 58.
1053 4066 1105 4130 73.
1128 4064 1188 4146 IV,
1203 4065 1251 4130 18.
1278 4064 1319 4147 V,
1331 4066 1383 4130 37.
1408 4064 1468 4147 VI,
1484 4065 1532 4130 15.
1554 4066 1606 4130 25.
1626 4067 1678 4130 52.
1705 4067 1782 4151 Vll,
1795 4069 1846 4132 20.
1867 4069 1921 4160 24.

223 4178 318 4262 Vlll,
329 4180 383 4244 26
406 4180 468 4261 IX,
481 4182 531 4245 11.
552 4180 600 4245 12.
626 4181 669 4264 X,
687 4183 718 4246 9.
738 4154 781 4246 ld
807 4205 916 4269 neque
943 4185 1053 4250 minus
1076 4206 1177 4289 saepe
1200 4187 1324 4273 protasi
1350 4183 1574 4250 condicionali
1599 4208 1665 4249 non
1689 4156 1920 4270 antecedente,

224 4297 267 4363 cs.
287 4297 421 4391 Kuehn.
432 4304 473 4377 *).
512 4299 579 4370 Sed
599 4299 792 4387 ubicunque
811 4302 939 4392 aliquid
959 4315 1247 4388 commemoratur,
1272 4303 1360 4391 quod
1385 4305 1449 4370 nisi
1473 4315 1564 4369 certa
1587 4304 1786 4371 condicione
1806 4328 1922 4372 verum

223 4440 288 4484 non
319 4429 387 4503 est,
423 4422 521 4484 etiam
553 4419 715 4506 ejusmodi
749 4421 941 4489 notionibus
970 4421 1011 4488 dv
1042 4423 1240 4512 particulam
1260 4424 1360 4512 adjici
1380 4425 1651 4498 Hermannns**t
1673 4423 1782 4491 docet.
1823 4418 1922 4508 Quod

222 4540 321 4604 etiam
353 4538 396 4604 ad
419 4540 507 4604 Isaei
534 4538 626 4606 locos
651 4539 814 4627 quadrare
839 4543 1000 4631 exemplis
1026 4543 1235 4629 ostendetur3
1267 4544 1326 4628 IV,
1337 4546 1359 4610 4
1381 4543 1464 4609 haec
1488 4555 1637 4609 exstant:
1665 4550 1721 4611 καὶ
1745 4546 1775 4609 εἰ
1798 4551 1858 4630 μὲν
1883 4550 1923 4611 τὸ

224 4656 331 4742 ὄνομα
354 4662 533 4790 aaronem·
558 4663 597 4724 τὸ
622 4659 702 4724 αὐτὸ
726 4661 920 4742 ὡμολόγουν
948 4654 1035 4729 εἶναι
1057 4667 1119 4729 τοῦ
1141 4668 1392 4749 Νικοστράτου,
1424 4667 1503 4751 περὶ
1527 4663 1564 4728 δὲ
1589 4667 1650 4729 τοῦ
1672 4665 1794 4750 κλήρου
1817 4670 1924 4747 μόνου

379 4786 466 4897 *lgr
482 4833 517 4889 ll,
536 4848 596 4895 pag.
616 4829 665 4880 l77
684 4848 745 4884 ann
765 4832 789 4883 2

379 4918 487 4980 **.r)l
474 4934 576 4985 pag
595 4918 634 4966 o‘t
