4284 5572
1876 451 1919 524 11

224 656 284 723 sed
308 655 350 721 ad
381 678 503 722 novum
536 652 818 722 condicionalium
850 656 1093 722 enuntiatorum
1124 677 1241 740 genus,
1275 655 1370 742 cujus
1400 654 1435 720 in
1464 655 1590 742 protasi
1619 663 1670 720 est
1698 654 1856 737 futurum,
1888 654 1923 719 in

224 777 364 866 apodosi
387 799 497 841 merus
516 776 701 863 optativus3
726 796 824 860 quarn
848 772 890 840 ob
914 797 983 839 rem
1006 774 1080 840 loco
1104 775 1177 861 ipso
1202 778 1393 840 examinare
1417 778 1579 861 cogimur,
1603 798 1681 841 num
1704 776 1740 840 in
1758 773 1922 862 ejusmodi

225 899 404 964 enuntiatis
428 896 517 962 solus
541 897 708 982 optativus
731 919 792 982 pro
814 894 913 960 modo
937 894 1109 981 potentiali
1128 897 1208 981 poni
1228 897 1343 982 possit.
1407 895 1511 982 Cujus
1534 897 1582 961 rei
1606 895 1863 984 disputationem
1887 897 1923 961 in

224 1020 393 1102 angustias
423 1017 519 1102 hujus
546 1014 612 1080 loci
643 1012 842 1101 compellere
874 1037 940 1080 nou
971 1014 1060 1096 licet,
1094 1015 1152 1080 sed
1184 1016 1387 1101 investigare
1420 1038 1542 1102 operae
1574 1018 1717 1104 pretium
1750 1026 1811 1099 est,
1844 1038 1922 1081 num

224 1138 338 1204 lsaeus
362 1138 533 1223 ceterique
557 1145 706 1202 oratores
728 1133 821 1199 attici
845 1133 914 1199 solo
940 1135 1086 1220 optativo
1111 1135 1302 1222 potentialis
1323 1135 1397 1201 loco
1429 1137 1480 1201 usi
1510 1138 1587 1201 sint.
1638 1132 1702 1199 ”Aa
1724 1135 1922 1223 particulam

224 1257 313 1345 apud
337 1257 519 1342 optativum
543 1253 758 1341 potentialem
783 1255 839 1340 qni
862 1263 1003 1319 vocatur
1024 1256 1204 1343 scriptores
1227 1278 1367 1340 graecos
1390 1258 1602 1344 maximeque
1625 1265 1742 1343 poetas
1765 1256 1917 1322 omittere

223 1380 370 1465 potuisse
400 1385 475 1463 post
504 1373 547 1441 G.
578 1375 848 1451 Hermannum*)
885 1374 1195 1453 Beeumleinius**)
1231 1375 1408 1442 ostendere
1445 1375 1580 1459 studuit,
1618 1398 1716 1463 quem
1747 1384 1917 1441 auctorem

225 1493 376 1584 plerique
396 1495 603 1580 grammatici
622 1495 728 1559 secuti
747 1502 835 1577 sunt,
850 1494 893 1558 ef.
910 1493 1137 1572 Kuehn.***).
1171 1494 1378 1561 Adversatus
1399 1505 1449 1560 est
1468 1494 1637 1560 Gustavus
1653 1494 1848 1577 Wolffius's)
1865 1497 1922 1582 qui

222 1618 375 1682 scenicos
392 1617 566 1680 atticorum
581 1622 697 1701 poetas
712 1614 777 1678 nisi
792 1615 826 1677 in
838 1614 1017 1679 enuntiatis
1028 1615 1276 1699 interrogativis
1288 1613 1330 1678 ἄν
1342 1614 1536 1702 particulam
1550 1639 1616 1680 non
1631 1615 1781 1681 omisisse
1795 1617 1921 1681 statuit.

221 1734 370 1801 Eandem
393 1757 461 1799 rem
482 1743 747 1799 retractaverunt
767 1732 959 1820 Leopoldus
983 1732 1251 1817 Schmidtiusi's)
1267 1745 1300 1800 et
1313 1734 1581 1817 boeda-ustul-
1622 1735 1697 1802 Hoc
1718 1744 1827 1801 autem
1846 1734 1920 1801 loeo

223 1877 441 1942 quaeeunque
463 1854 527 1918 viri
552 1853 642 1920 docti
665 1853 893 1920 disseruerunt
916 1854 1144 1941 exemplisque
1168 1853 1385 1942 comprobare
1406 1854 1615 1938 studuerunt,
1638 1865 1791 1943 repetere
1807 1877 1921 1944 super·

221 1998 406 2041 vacaneum
429 1973 562 2039 videtur
577 1995 667 2057 esse3
698 1975 777 2039 satis
794 1974 858 2038 erit
880 1973 1060 2060 explanare
1087 1996 1172 2061 quae
1192 1974 1235 2039 ad
1250 1975 1337 2040 Isaei
1356 1976 1449 2041 locos
1467 1975 1661 2043 statuendos
1683 1975 1805 2041 valent.
1838 1974 1921 2040 Mihi

224 2095 358 2183 quidem
390 2094 595 2162 Schmidtius
627 2095 795 2179 persuasit
817 2093 906 2157 etin
931 2094 1110 2159 enuntiatis
1141 2094 1348 2159 affirmativis
1372 2103 1406 2160 et
1428 2095 1593 2180 negativis
1625 2103 1725 2182 atque
1758 2094 1920 2182 ejusmodi

224 2217 414 2299 enuntiatis,
446 2237 532 2302 qnae
555 2215 746 2299 negativam
776 2213 975 2279 sententiam
1004 2213 1275 2297 interrogationis
1303 2215 1416 2300 specie
1441 2215 1642 2300 exprimunt,
1673 2215 1856 2301 optativum
1879 2210 1921 2276 ἄν

222 2336 385 2424 particula
414 2336 624 2421 maximeque
648 2332 738 2421 apud
760 2343 877 2420 poetas
900 2355 1015 2398 carere
1039 2355 1148 2420 posse.
1200 2332 1266 2397 Sed
1289 2332 1454 2420 quomodo
1478 2333 1520 2398 ab
1544 2333 1633 2399 nudo
1657 2335 1806 2421 optativo
1829 2344 1920 2421 opta·

221 2458 310 2522 tivus
329 2479 404 2522 cum
426 2452 467 2518 ἄν
483 2453 647 2543 particula
665 2453 839 2542 copulatus
859 2453 1001 2537 differat,
1026 2452 1260 2540 explicandum
1285 2464 1345 2519 est.
1380 2452 1464 2519 Cum
1480 2452 1663 2540 particulae
1680 2451 1721 2518 ἄν
1737 2477 1777 2520 ea
1794 2453 1919 2542 ubique

222 2578 274 2641 vis
299 2577 352 2659 sit,
376 2585 413 2639 ut
438 2574 481 2639 ad
500 2573 643 2660 aliquam
664 2572 896 2639 condicionem
915 2573 1078 2638 referatur
1096 2574 1152 2652 (cf.
1169 2595 1252 2660 qnae
1273 2573 1315 2639 (i.
1331 2574 1604 2652 Hermannus*†)
1620 2573 1824 2662 disputavit),
1844 2576 1920 2639 sirn-

223 2694 303 2783 plex
325 2696 493 2781 optativus
515 2695 550 2759 in
570 2694 750 2760 enuntiatis
766 2693 974 2759 affirmativis
990 2703 1125 2759 auctore
1146 2692 1329 2760 Schmidtio
1349 2693 1476 2781 aliquid
1491 2694 1657 2781 loquentis
1677 2693 1814 2760 arbitrio
1835 2695 1920 2761 sumi

222 2838 331 2902 neque
355 2814 421 2881 nllo
444 2813 543 2880 modo
568 2837 641 2879 curn
665 2836 775 2879 rerum
797 2814 937 2879 veritate
960 2812 1139 2879 cohaerere
1162 2814 1339 2899 significat.

377 2935 418 2999 In
441 2935 620 3000 enuntiatis
647 2943 758 2999 autem
788 2934 954 3019 negativis
986 2936 1152 3020 optativus
1184 2957 1258 3000 cum
1290 2935 1469 3019 negatione
1501 2933 1540 2998 οὐ
1564 2934 1709 3000 sociatus
1739 2933 1919 3002 fortissime

221 3057 374 3142 negantis
398 3064 458 3138 est,
484 3056 574 3120 etin
596 3052 914 3140 interrogationibus
938 3054 1046 3119 nudus
1075 3056 1242 3141 optativus
1266 3076 1377 3119 acrem
1401 3055 1675 3139 interrogationis
1698 3054 1837 3119 formam
1861 3075 1918 3119 ex-

224 3178 348 3265 primit,
382 3197 456 3241 oum
481 3169 524 3238 ἄν
546 3176 710 3261 particula
731 3173 847 3238 addita
867 3176 900 3239 in
926 3172 1088 3260 ejusmodi
1112 3176 1292 3240 enuntiatis
1315 3197 1422 3240 sermo
1445 3174 1553 3240 lenior
1580 3172 1828 3261 modestiorque
1851 3174 1918 3240 fiat.

225 3296 302 3378 Qua
324 3295 365 3360 de
389 3316 491 3359 causa
512 3293 709 3381 plerumque
733 3293 824 3381 apud
847 3303 995 3359 oratores
1013 3294 1132 3360 atticos
1162 3294 1358 3382 particulam
1383 3290 1424 3358 ἅν
1447 3295 1595 3381 optativo
1618 3296 1653 3360 in
1676 3294 1797 3360 talibus
1820 3296 1919 3360 inter·

222 3412 454 3500 rogationibus
473 3412 551 3478 addi
568 3411 846 3493 Schmidtius**†)
864 3410 915 3477 bis
931 3411 1044 3478 verbis
1062 3414 1179 3479 docet:
1200 3414 1290 3503 apud
1309 3437 1393 3502 quos
1412 3416 1447 3489 (i.
1465 3436 1495 3480 e.
1514 3423 1661 3481 oratores
1683 3417 1812 3489 atticos)
1832 3424 1920 3503 post·

224 3556 322 3621 quam
353 3555 470 3620 parum
502 3531 679 3598 eredibilia
710 3531 947 3618 interrogando
981 3532 1194 3599 audientibus
1227 3533 1439 3622 proponendi
1463 3533 1670 3601 consuetudo
1693 3534 1844 3619 invaluit,
1878 3556 1920 3600 ne

224 3651 383 3719 volebant
399 3652 535 3739 quidem
553 3654 588 3718 in
609 3652 730 3718 talibus
748 3651 1067 3738 interrogationibus
1086 3652 1217 3740 plenam
1237 3653 1384 3739 negandi
1402 3653 1560 3719 fiduciam
1573 3654 1761 3741 exprimere
1775 3652 1920 3741 ideoque

223 3772 363 3860 optativi
387 3793 462 3837 oum
485 3770 525 3836 ἅν
548 3772 712 3861 particula
735 3774 905 3859 conjuncti
928 3782 1126 3838 structuram
1149 3772 1394 3860 praeferebant,
1421 3774 1464 3839 cf.
1488 3773 1577 3838 Isaei
1592 3773 1621 3857 I,
1637 3773 1690 3839 23.
1708 3774 1759 3838 29.
1778 3774 1831 3857 35,
1855 3773 1921 3839 alia

224 3891 388 3980 permulta
410 3891 574 3980 exempla.
619 3893 667 3958 Re
686 3894 735 3958 ita
757 3894 937 3959 constituta
959 3892 1000 3958 ad
1020 3893 1108 3958 Isaei
1127 3893 1233 3979 ipsius
1250 3892 1342 3959 locos
1361 3894 1507 3958 animum
1525 3891 1747 3959 intendamus.
1784 3891 1920 3979 Septem

223 4021 333 4078 autern
349 4011 498 4078 locorum
517 4013 572 4099 qui
588 4034 714 4078 merum
732 4013 916 4099 optativum
933 4011 1096 4100 praebent
1109 4011 1252 4100 primum
1270 4035 1326 4079 eos
1345 4013 1572 4100 inspiciamus,
1595 4034 1735 4099 quorum
1752 4012 1920 4099 optativus

221 4135 257 4198 in
277 4131 596 4217 interrogationibus
613 4133 740 4220 positus
757 4140 823 4197 est:
845 4130 908 4213 III,
920 4133 962 4196 54
978 4136 1049 4208 πῶς
1065 4123 1124 4196 οὖν
1138 4154 1189 4208 τις
1206 4134 1415 4217 σαφέστερον
1431 4130 1596 4214 ἐξελέγχοι
1614 4131 1919 4217 ψευδομαρτυριῶν

220 4250 350 4317 διώκων
367 4253 438 4332 lida
456 4273 491 4314 τε
509 4253 575 4314 τῶν
592 4258 840 4335 πεπραγμένων
859 4249 972 4326 αὐτοῖς
987 4254 1119 4326 τούτοις
1134 4251 1348 4316 ἐπιδεικνύων
1363 4255 1419 4317 καὶ
1435 4251 1469 4316 ἐκ
1485 4253 1551 4316 τῶν
1567 4253 1679 4334 νόμων
1690 4251 1919 4314 ἁπάντωντῶν

379 4390 403 4456 *)
424 4392 456 4442 de
475 4390 607 4456 particula
625 4386 660 4439 ἄν
678 4388 739 4439 libri
758 4395 885 4455 quattuor
902 4405 962 4456 pag.
983 4386 1033 4439 156
1048 4406 1106 4455 sqq.

376 4476 451 4541 **)1.
471 4493 495 4527 e.
514 4492 574 4542 pag.
593 4474 645 4526 254
654 4491 712 4541 sqq.

375 4561 429 4626 ***)
448 4579 486 4629 gr.
504 4563 540 4612 11.
567 4577 628 4627 pag.
643 4560 694 4610 979
713 4576 773 4610 ann.
790 4557 814 4609 2.

361 4647 404 4710 '†)
422 4651 450 4698 in
468 4649 537 4698 Mus.
556 4646 680 4697 Rhenani
699 4645 750 4696 vol.
764 4644 863 4696 XVIII.
881 4660 941 4711 pag.
957 4643 1008 4694 602
1023 4662 1080 4710 sqq.

376 4733 421 4797 1-1)
440 4735 473 4785 de
492 4735 591 4784 omissa
607 4733 679 4797 apud
697 4730 847 4796 optativum
865 4736 893 4781 et
910 4729 1111 4796 conjunctivum
1130 4727 1165 4778 ἄν
1183 4731 1315 4796 particula
1331 4730 1529 4781 commentatio.
1565 4727 1701 4795 Marburgi
1721 4727 1795 4779 1868.

376 4819 442 4883 ῆι)
461 4819 478 4869 ¹·
497 4837 519 4869 e·
537 4835 597 4884 aas·
615 4816 650 4866 43
668 4833 726 4882 sun·

376 4902 453 4965 *1)1·
473 4903 612 4969 apaan.

377 4987 434 5052 **†)
454 4989 470 5038 ¹·
489 5004 512 5039 o·
530 5004 590 5055 ras·
604 4987 629 5037 4·
