4284 5572
242 434 264 504 6

241 633 521 702 οοιιιιίσίοιιιιιιιιιιι
555 637 800 700 enuntiatorum
833 656 1012 702 sumemus.
1059 634 1299 723 Comparcmus
1322 636 1425 721 igitur
1448 635 1531 702 duos
1554 634 1657 719 locos,
1691 658 1831 723 quorum
1855 635 1938 704 alter

242 757 356 823 aoristi
390 754 473 820 alter
503 758 689 843 praesentis
719 757 950 841 imperativum
983 755 1132 841 praebet.
1184 757 1281 822 Prior
1303 757 1350 840 11,
1361 759 1401 821 27
1425 758 1608 821 invenitur:
1641 756 1672 820 ιι
1694 756 1733 822 δὲ
1755 762 1833 840 περὶ
1855 781 1937 842 χρη-

241 880 354 960 μάτων
376 877 468 940 ἐσιιν
490 876 510 938 ὁ
533 879 633 956 λόγος
652 876 754 957 αὐτῷ,
772 874 971 952 ἐπιδειξάτω
991 877 1064 959 ὑμῖν
1083 876 1205 941 ὁποῖοι·
1222 881 1349 961 χωρίον
1368 876 1388 956 ἢ
1405 881 1577 941 συνοικίαι·
1595 874 1616 957 ἢ
1634 876 1745 939 οἰκίαι·
1763 881 1938 942 κατέλιπεν

135 1056 138 1063 .
240 995 376 1074 ἐκεῖνος,
407 992 516 1075 tityri>
539 998 601 1076 ἔχω
632 999 712 1058 νυνί.
759 994 853 1058 Alter
876 996 920 1075 X,
942 996 983 1058 14
1005 998 1050 1060 ita
1079 997 1222 1081 scriptus
1246 1006 1310 1061 est:
1343 995 1399 1060 ἐὰν
1422 992 1524 1080 δ’ἅρα
1554 997 1704 1077 τολμῶσι
1727 999 1807 1076 περὶ
1829 995 1936 1060 αὐτῶν

235 1117 357 1195 leyen,
379 1119 485 1196 νόμον
507 1117 652 1179 κελεύετε
674 1113 780 1190 δείξαι
803 1118 884 1176 καθ)
908 1111 944 1179 ὃν
967 1118 1137 1196 γεγένηται
1160 1114 1179 1196 ἡ
1198 1115 1386 1196 εἰσποίησις
1410 1117 1642 1198 Ἀριστάρχῳ,
1671 1118 1727 1178 καὶ
1755 1118 1804 1190 τίς
1829 1114 1937 1178 dsto-

240 1235 398 1315 ποιήσας.
459 1234 635 1298 Actionem
675 1231 770 1297 verbi
800 1230 943 1318 jubendi
985 1235 1090 1316 magis
1122 1255 1195 1299 esse
1228 1233 1401 1297 durantem
1433 1255 1531 1319 quam
1563 1230 1657 1296 verbi
1690 1232 1937 1298 demonstrandi

242 1354 407 1417 actionem
440 1354 515 1439 quis
546 1363 597 1418 est
628 1354 685 1438 qni
718 1352 875 1417 censeat?
929 1352 1033 1418 Immo
1056 1352 1248 1428 Hermanno
1272 1363 1407 1417 auctore
1431 1375 1491 1438 pro
1515 1351 1622 1417 forma
1652 1355 1796 1416 κελεύετε
1824 1355 1937 1417 aoristi

242 1473 487 1557 imperativum,
511 1496 572 1560 pro
595 1472 702 1537 forma
722 1470 921 1548 ἐπιδειξάτω
944 1474 1129 1558 praesentis
1151 1474 1382 1558 imperativum
1402 1494 1513 1536 nonne
1533 1470 1788 1557 exspectamus?
1819 1471 1937 1556 Neque

211 1580 347 1675 ¹magis
370 1590 436 1674 legi
461 1590 502 1655 ab
526 1592 718 1655 Hermanno
742 1592 939 1655 constitutae
963 1590 1055 1657 locus
1079 1593 1246 1674 convenit,
1280 1593 1337 1677 qui
1362 1600 1412 1656 est
1433 1590 1563 1671 X1,34:
1591 1589 1622 1653 εἰ
1650 1581 1727 1654 δἀιι
1758 1591 1835 1672 μήτ’
1865 1590 1939 1654 εἰιι·

241 1709 453 1774 δικάσασθαί
484 1733 569 1796 φησι
598 1709 672 1773 δεῖν
702 1712 764 1774 τοῦ
794 1710 988 1792 ἡμικληρίου
1019 1712 1100 1793 μίμε
1130 1712 1193 1792 μὴν
1216 1709 1440 1791 δικάσασθαι,
1468 1709 1539 1771 ἀλλ’
1560 1706 1624 1788 ἤδη
1647 1698 1732 1771 εἶναι
1754 1712 1857 1772 ταῦτα
1879 1711 1940 1771 τοῦ

240 1831 378 1910 παιδός,
406 1831 668 1913 ἄπογριιψάσθω
697 1834 785 1911 πρὸς
816 1833 877 1892 τὸν
907 1827 1058 1910 ἄρχοντα
1084 1829 1132 1905 εἰς
1154 1831 1214 1911 τὴν
1237 1830 1408 1912 μίσθωσιν
1431 1830 1499 1890 τῶν
1520 1827 1645 1890 ἐκείνου
1666 1829 1843 1909 χρημάτων
1867 1877 1873 1889 .
1899 1876 1906 1889 .
1932 1877 1937 1888 .

242 1945 326 2012 (lum
357 1947 421 2013 boc
452 1947 526 2014 loco
559 1946 813 2034 ἐπιγράφεσθαι
843 1946 931 2010 idem
963 1949 1007 2012 sit
1034 1948 1124 2034 quod
1146 1948 1291 2013 indicem
1315 1952 1376 2025 (sc.
1401 1945 1577 2022 bonorum)
1605 1945 1782 2028 conficere,
1815 1947 1849 2010 in
1873 1945 1937 2011 hoe

242 2068 356 2132 soristi
386 2068 583 2154 imperativo
615 2068 783 2132 notionem
816 2065 958 2130 durandi
989 2088 1069 2132 sans
1101 2069 1210 2132 inesse
1242 2066 1456 2153 perspicuum
1487 2074 1548 2130 est.
1593 2064 1703 2128 Etiam
1733 2067 1768 2128 in
1792 2089 1831 2130 eo
1855 2066 1937 2129 Her·

241 2209 381 2251 mannus
404 2185 537 2251 videtur
554 2208 677 2268 errare,
702 2185 792 2271 quod
810 2207 968 2271 praesens
987 2208 1056 2249 rem
1075 2188 1209 2273 saepius
1227 2187 1414 2272 repetitam,
1438 2186 1579 2250 aoristus
1602 2183 1705 2249 semel
1723 2184 1843 2248 laetam
1864 2206 1937 2248 esse

243 2304 359 2388 docet;
391 2305 478 2370 isaei
511 2305 642 2392 quidem
676 2304 839 2391 exemplis
871 2306 942 2389 ejus
976 2307 1090 2391 opinio
1123 2329 1189 2371 non
1222 2303 1469 2391 comprobatur,
1502 2326 1577 2367 nam
1609 2305 1638 2368 si
1661 2303 1806 2390 exempli
1829 2305 1937 2386 gratia

241 2424 348 2507 (1,19)
380 2427 414 2489 in
444 2427 641 2511 imperativo
670 2425 880 2507 ἐνθυμεῖσθε
910 2426 1119 2510 repetitionis
1148 2426 1316 2492 notionem
1345 2426 1455 2488 inesse
1489 2422 1715 2505 concedimus,
1749 2425 1847 2488 etiam
1879 2424 1935 2486 im·

242 2546 393 2630 perativo
425 2546 606 2628 σκέψασθε
637 2544 709 2625 ιΙΧ,
726 2544 780 2620 36)
814 2545 1022 2628 repetitionis
1049 2546 1218 2610 notionem
1251 2543 1414 2608 contineri
1447 2564 1545 2629 posse
1568 2544 1684 2626 negari
1715 2565 1782 2608 non
1815 2552 1934 2627 potest.

241 2663 295 2726 Ex
325 2665 367 2728 iis
399 2685 484 2749 qnae
516 2663 758 2750 disputaviums
790 2663 934 2728 efficitur
965 2666 1063 2728 etiam
1096 2663 1299 2748 Kruegeri*)
1332 2663 1529 2728 sententiam
1559 2684 1626 2727 non
1654 2684 1727 2727 esse
1760 2672 1869 2747 aptam
1893 2660 1936 2724 ad

242 2783 328 2847 Isaei
361 2782 465 2864 locos,
498 2784 555 2868 qui
585 2784 632 2846 ita
662 2781 853 2867 distinguit:
886 2783 958 2848 Der
980 2783 1160 2871 Imperativ
1190 2784 1291 2848 sowie
1315 2781 1375 2846 der
1398 2779 1600 2866 conjunctis
1622 2780 1692 2870 und
1715 2780 1853 2866 Optativ
1878 2779 1935 2843 des

241 2903 372 2968 Aurists
403 2903 437 2965 in
469 2899 720 2985 selbstitndigen
751 2901 820 2966 und
851 2901 972 2966 finalen
997 2903 1117 2969 Stttzen
1145 2902 1221 2967 sind
1249 2900 1458 2987 gewithnlich
1486 2900 1564 2964 zeit-
1586 2899 1654 2963 und
1678 2898 1844 2980 dauerlos,
1877 2898 1936 2963 das

242 3020 353 3087 blusso
375 3021 550 3085 Eintreten
574 3020 634 3085 der
656 3021 837 3104 Handlung
858 3019 1099 3102 bezeichnend‚
1124 3021 1280 3086 wahrend
1304 3020 1390 3086 eben
1413 3019 1505 3086 diese
1527 3017 1620 3085 blodi
1640 3018 1699 3084 des
1721 3019 1863 3083 Prasens
1881 3021 1937 3082 ein

242 3139 498 3207 Zustitndliches
533 3138 762 3223 ausdrticken,
801 3163 822 3205 a
852 3163 919 3227 qua
949 3151 1081 3229 praeter
1115 3152 1244 3207 ceteros
1281 3142 1515 3227 grammaticos
1546 3163 1612 3205 non
1648 3137 1785 3202 multum
1827 3136 1938 3201 differt

240 3259 451 3338 Kochius.**)
481 3259 574 3325 Idem
590 3259 660 3324 fere
677 3258 952 3333 Kuehnerus***t
969 3262 1156 3346 exprimere
1172 3260 1305 3325 videtur
1321 3260 1479 3341 voluisse,
1504 3261 1562 3346 qui
1580 3281 1646 3323 non
1666 3256 1814 3322 dilucide
1835 3256 1935 3321 dicit:

241 3381 304 3445 Boi
330 3381 444 3465 jenem
475 3377 564 3457 (dem
596 3378 680 3465 lmp.
714 3377 772 3444 des
803 3379 944 3453 Aurists)
977 3379 1058 3445 lttsst
1089 3379 1149 3444 der
1179 3379 1338 3445 Redende
1371 3378 1426 3443 die
1457 3376 1641 3460 Handlung
1671 3376 1774 3442 selbst
1804 3378 1838 3440 in
1871 3375 1936 3439 den

241 3498 482 3583 Vordergrund
505 3508 624 3579 treten,
653 3497 706 3562 bei
732 3497 856 3563 diesem
878 3498 932 3562 die
952 3498 1190 3583 Entwieklung
1218 3498 1405 3564 derselben.
1459 3497 1556 3579 Quae
1580 3519 1654 3560 cunr
1685 3497 1731 3559 ita
1759 3497 1835 3577 sint,
1865 3518 1937 3559 sen·

242 3619 366 3683 tentiae
397 3620 495 3682 etiam
528 3617 799 3697 aGentschio†t
831 3617 1066 3704 comprobatae
1090 3617 1382 3697 Beuumleinii††)
1405 3618 1580 3698 assentior,
1606 3617 1664 3703 qui
1686 3614 1737 3679 his
1759 3612 1872 3679 verbis
1895 3613 1937 3677 de

243 3737 305 3802 hac
337 3760 373 3801 re
406 3736 581 3803 dissuerit:
616 3737 748 3818 „Sumit
775 3734 882 3801 bleibt
911 3736 1020 3801 nichts
1051 3735 1167 3822 ubrig,
1201 3737 1248 3802 als
1280 3736 1334 3801 die
1357 3736 1461 3822 Regel
1484 3735 1567 3801 tiber
1590 3735 1654 3798 den
1679 3731 1858 3798 Gcbrauch
1882 3732 1940 3798 dcs

243 3858 386 3922 Pritsens
409 3855 476 3921 und
500 3855 558 3921 des
581 3855 711 3921 Aorists
734 3857 779 3920 im
802 3856 886 3943 Imp.
912 3855 1012 3921 dahin
1035 3880 1077 3921 zu
1099 3855 1308 3940 bestimmen,
1337 3856 1425 3939 dass,
1449 3877 1545 3920 wenn
1570 3853 1624 3918 die
1647 3852 1846 3938 Forderung
1868 3875 1940 3917 ans-

244 3974 418 4041 dm‘icklich
441 3974 490 4039 als
512 3977 587 4039 eine
611 3975 825 4060 allgemeine,
858 3974 911 4040 fiir
933 3977 1007 4040 eine
1030 3976 1146 4040 Dauer
1167 3974 1343 4060 geltende,
1374 3977 1409 4039 in
1432 3976 1525 4039 einer
1546 3973 1705 4057 litngeren
1730 3971 1806 4036 Zeit
1827 3995 1868 4035 zu
1892 3994 1939 4035 er-

242 4093 389 4160 liillende
423 4093 693 4179 ausgesprochen
724 4092 858 4158 werden
890 4094 962 4177 soll,
996 4094 1054 4160 das
1077 4095 1250 4178 Praesens,
1283 4118 1379 4159 wenn
1411 4095 1459 4159 sie
1490 4089 1725 4158 ausdriicklich
1755 4091 1815 4155 auf
1842 4092 1939 4154 einen

243 4214 423 4302 speziellen
446 4213 518 4278 Fall
541 4212 745 4278 beschrttnkt
767 4213 900 4278 werden
924 4213 996 4297 soll,
1022 4213 1082 4278 der
1103 4213 1218 4280 Aorist
1240 4213 1299 4279 des
1318 4213 1516 4301 Imperatit’s
1539 4209 1723 4297 gebraucht
1745 4208 1839 4291 wird,
1864 4208 1940 4274 dass

243 4332 336 4416 aber,
370 4357 427 4399 wo
460 4332 579 4398 diese
613 4322 792 4397 Absieht
820 4332 938 4397 nicht
969 4332 1234 4410 stattlindet,
1268 4332 1348 4397 und
1380 4332 1486 4399 ohne
1509 4328 1745 4395 Rticksicht
1774 4328 1848 4392 auf
1873 4327 1940 4392 die

244 4453 360 4534 Zeit,
385 4451 456 4565 die
486 4454 578 4516 eine
601 4450 828 4536 Handlung
859 4451 1003 4516 erftillt
1032 4451 1111 4515 nnd
1144 4451 1330 4516 erfiillen
1354 4451 1452 4533 soll,
1484 4474 1561 4514 nur
1584 4445 1942 4531 derBegrifsder

246 4558 376 4565 ———
416 4559 472 4565 ..—

395 4606 426 4671 ⁴¹)
446 4559 618 4659 Griechische
636 4607 819 4672 Sprachlehre
857 4607 947 4657 Berlin
968 4607 1040 4657 18(
1017 4607 1033 4641 ⁰
1077 4607 1153 4668 §53
1171 4607 1309 4658 dsunt.

399 4691 630 4755 ¹''llGrieehische
649 4692 681 4742 ss
670 4692 898 4759 crhulgrsmrratik.
935 4694 1047 4759 Leipzig
1066 4690 1140 4749 1889,
1160 4708 1221 4758 pag.
1239 4691 1298 4742 221

399 4776 664 4840 **)Αιιιιιιιιιιιιοιιο
683 4778 848 4828 Grammatik
867 4780 913 4829 der
931 4779 1115 4843 griechischen
1135 4778 1261 4842 Sprache.
1297 4779 1443 4828 Hunnorer
1461 4775 1536 4826 1870
1572 4775 1607 4824 11.
1643 4790 1703 4837 pag.
1725 4771 1781 4821 158.

399 4862 496 4915 'silc
482 4879 583 4928 apag.
602 4862 660 4911 218.

399 4948 446 5010 ιι)
464 4947 481 4996 ι.
500 4964 522 4996 c.
541 4964 600 5013 pag.
622 4946 678 4997 172.
