4284 5572
1858 416 1906 497 25·

222 612 282 688 das
304 618 370 687 Vb.
403 620 463 686 der
484 611 760 707 Verwunoerung
789 645 833 687 rm
863 614 972 687 Praet.
997 645 1027 687 e.
1052 615 1110 707 ύν,
1144 618 1184 687 da
1212 644 1287 686 man
1313 619 1410 694 (auch
1432 643 1482 687 wo
1500 622 1581 708 jene
1604 622 1698 688 nicht
1719 625 1914 693 concediert

219 741 321 824 wird,
353 739 512 806 trotadem
544 739 620 805 dass
649 742 698 806 sie
722 719 915 806 vorbanden
943 743 1007 814 isti·
1029 739 1114 806 docb
1137 739 1208 804 ihre
1230 738 1451 824 Mbglicbkeit
1472 741 1629 805 meistens
1652 742 1827 810 einrbumt.
1871 745 1911 810 In

220 859 373 947 exemplo
406 858 495 945 quod
526 858 693 924 attulimus
728 869 839 925 orator
868 859 1110 924 enuntiatorum
1144 857 1185 923 ab
1219 855 1272 922 ὅτι
1300 859 1531 943 incipientium
1554 868 1751 924 structuram
1775 872 1909 928 secutus

221 978 260 1044 ού
281 979 459 1062 negatione
483 1000 562 1042 usus
585 989 646 1042 cst.
692 977 784 1042 Idem
804 976 999 1042 observatur
1018 977 1076 1057 VI,
1088 978 1122 1040 2:
1149 974 1278 1041 ἄτοπον
1297 974 1340 1057 δὴ
1359 975 1390 1039 εί
1407 974 1518 1040 ἐκεῖνα
1535 978 1595 1059 μὲν
1610 977 1788 1061 προδήλων
1808 976 1912 1044 ὄντων

218 1098 285 1160 ταῖν
302 1097 461 1161 κινδύνων
480 1092 570 1179 ὅμως
593 1093 652 1159 διὰ
666 1099 706 1160 τὸ
724 1098 877 1180 χρῆσθαι
894 1099 1024 1173 τούτοις
1042 1099 1092 1158 καὶ
1110 1097 1228 1180 φίλους
1252 1091 1400 1175 νομίζειν
1418 1094 1595 1177 ὑπέμενον,
1609 1096 1665 1158 νῦν
1683 1093 1722 1160 δὲ
1740 1098 1913 1181 πειρῴμην

221 1217 389 1280 συνειπεῖν
405 1212 443 1292 ἐξ
461 1202 508 1278 ὧν
525 1214 620 1296 ὑμεῖς
638 1217 716 1280 coire
734 1212 855 1299 εὔορκα
872 1215 1061 1301 ψηφιεῖσθε
1078 1215 1134 1276 καὶ
1151 1215 1285 1287 τούτοις
1303 1212 1344 1275 τὰ
1363 1209 1478 1275 δίκαια
1497 1216 1678 1294 γενήσεται.
1717 1214 1783 1279 Hic
1802 1227 1912 1282 autem

220 1332 316 1398 locus
347 1334 445 1397 etiam
478 1341 657 1420 propterea
681 1331 802 1418 dignus
829 1343 879 1398 est
910 1332 966 1418 qui
997 1340 1290 1411 commemoretur,
1324 1330 1413 1415 quod
1445 1331 1517 1415 ejus
1543 1332 1685 1416 protasia
1715 1353 1759 1397 ex
1782 1332 1913 1400 duobus

220 1451 378 1515 membris
412 1460 558 1534 constat,
596 1472 681 1537 quae
699 1451 848 1535 μίν-δύ
869 1448 1040 1537 particulis
1063 1450 1150 1513 inter
1177 1471 1211 1513 se
1240 1449 1287 1512 ita
1314 1448 1579 1534 conjunguntur,
1612 1459 1649 1514 ut
1670 1452 1812 1535 primum
1836 1474 1912 1517 con·

223 1570 385 1634 censivam
404 1570 471 1633 vim
491 1567 641 1634 obtineat
658 1578 692 1633 et
708 1569 899 1653 germanice
920 1566 1107 1649 ,wahrenu
1128 1564 1302 1651 obgleicb“
1323 1565 1518 1631 vertendum
1538 1568 1591 1649 sit,
1609 1568 1665 1652 qui
1683 1565 1818 1633 dicendi
1833 1592 1912 1636 usus

221 1686 311 1774 apud
329 1687 461 1752 Isaeum
483 1686 571 1751 haud
594 1709 668 1752 raro
693 1685 897 1768 observatur,
918 1686 961 1750 cf.
981 1687 1009 1769 I,
1021 1687 1074 1750 28.
1098 1685 1225 1767 111‚49.
1249 1685 1293 1767 X,
1308 1685 1357 1751 12.
1378 1686 1430 1749 23.
1454 1685 1533 1767 XII,
1544 1684 1576 1748 4.
1632 1686 1708 1749 Huc
1731 1696 1861 1773 spectat
1883 1689 1912 1754 is

223 1827 355 1892 quoque
382 1805 493 1887 locus,
518 1805 697 1891 qui11,42
725 1815 759 1870 et
778 1807 821 1869 43
845 1814 963 1886 exstat,
996 1803 1054 1867 ubi
1086 1802 1243 1889 periodus
1271 1801 1313 1866 ab
1341 1805 1419 1883 §42
1450 1804 1616 1890 incipiens
1649 1802 1690 1867 ad
1719 1804 1818 1870 finem
1845 1830 1912 1872 non

222 1933 377 1988 accurate
401 1935 452 1989 est
477 1923 648 2010 perducta,
673 1923 715 1987 cf.
740 1945 817 2009 pag.
842 1924 890 1987 13.
942 1921 1009 1988 Sed
1039 1931 1075 1986 ut
1098 1919 1193 2008 plura
1215 1944 1281 1986 non
1305 1919 1424 2002 dicam,
1448 1922 1528 1986 satis
1551 1923 1616 1986 crit
1632 1920 1735 2006 locos,
1761 1925 1818 2010 qui
1841 1947 1912 1990 ver·

222 2039 337 2107 borum
370 2042 509 2106 affectus
540 2051 737 2106 structuram
770 2043 958 2121 continent,
996 2060 1193 2124 congerere:
1221 2039 1335 2121 11,27:
1367 2038 1538 2104 ἀναίνεται
1559 2073 1593 2085 -
1619 2039 1650 2104 εί
1683 2038 1747 2122 ἐγὼ
1781 2039 1913 2125 ἔσομαι,

222 2159 285 2240 ΙΙΙ,
297 2160 354 2224 28ε
372 2157 539 2242 θαυμάζω
561 2194 596 2205 -
621 2159 652 2222 εἰ
669 2159 727 2242 μή,
748 2159 805 2222 31:
828 2155 997 2241 θαυμάζω
1022 2193 1059 2204 -
1079 2157 1110 2221 εἰ
1127 2158 1183 2238 μή,
1207 2157 1267 2237 IV,
1278 2157 1336 2220 29:
1360 2155 1419 2221 ούκ
1437 2159 1553 2240 ἀγαπᾷ
1571 2157 1601 2221 εἰ
1623 2159 1681 2241 μή,
1704 2158 1745 2241 V,
1756 2160 1815 2223 38:
1838 2162 1913 2236 πῶς

223 2275 318 2355 ἄξιον
336 2275 534 2358 θαυμάζειν,
553 2277 592 2340 εἰ.
625 2277 780 2363 Denique
797 2275 943 2340 breviter
958 2273 1170 2361 attingendus
1190 2285 1239 2339 est
1257 2273 1360 2356 locus,
1382 2296 1479 2359 quem
1495 2274 1558 2355 XI,
1569 2275 1611 2339 39
1627 2276 1786 2362 scriptum
1803 2279 1909 2361 vides,

223 2395 280 2459 ubi
304 2394 442 2480 apodosi
467 2395 605 2471 εἰκότως
628 2398 686 2478 μὲν
710 2394 769 2460 ούκ
793 2393 833 2456 δν
857 2397 967 2477 ἔχοιμι
983 2395 1111 2477 μέμψιν
1137 2391 1222 2456 duae
1242 2402 1391 2478 protases
1408 2393 1438 2458 εί
1456 2394 1494 2459 δὲ
1511 2397 1649 2458 πλείονα
1667 2396 1911 2461 κατέλιπεν

222 2513 282 2594 τὴν
311 2513 429 2578 ούσίαν
458 2523 492 2578 et
518 2513 549 2577 εἰ
577 2513 622 2596 μὴ
653 2513 823 2596 τάμαυτοῦ
850 2515 1153 2597 προστίθημι...
1185 2511 1323 2588 δικαίως
1342 2511 1384 2576 ἄν
1407 2512 1607 2595 ἐπαινοίμην
1626 2510 1804 2598 adjunctae
1827 2524 1913 2597 sunt,

225 2654 361 2718 quarum
382 2633 486 2696 altera
502 2631 544 2696 ab
564 2631 668 2696 altera
684 2629 857 2718 pendet.*)
896 2630 963 2696 Sed
977 2631 1070 2694 mitto
1090 2628 1202 2693 dicere
1221 2629 1263 2692 de
1282 2628 1423 2695 diversis
1442 2628 1538 2715 hujus
1556 2629 1688 2716 periodi
1707 2630 1913 2718 temporibus

226 2759 259 2814 et
281 2748 399 2832 modis,
425 2752 580 2836 quoniam
604 2773 644 2815 ea
666 2751 820 2836 usurpari
839 2756 982 2834 oportet,
1006 2759 1105 2833 prout
1122 2748 1287 2811 sententia
1305 2744 1461 2832 postulat,
1481 2746 1525 2811 cf.
1546 2747 1707 2831 V111,31.

378 2868 560 2955 Deinceps,
574 2879 690 2934 uteret
699 2869 917 2954 propositum,
929 2864 970 2929 de
981 2866 1078 2930 tertio
1089 2865 1332 2929 enuntiatorum
1344 2863 1625 2931 condicionalium
1635 2888 1759 2951 genere
1771 2866 1913 2935 dicatur.

328 3083 412 3171 Oap.
436 3086 498 3152 ΙΙΙ.
535 3088 574 3152 In
593 3089 717 3174 protasi
736 3098 787 3152 est
808 3087 865 3151 ἐάν
887 3084 1051 3173 particula
1073 3106 1147 3149 cum
1171 3084 1384 3169 conjunctivo
1404 3084 1540 3149 sociata.

378 3222 568 3288 Instituenti
590 3223 670 3287 mihi
694 3223 735 3287 de
759 3224 801 3288 iis
825 3221 1005 3286 enuntiatis
1026 3217 1315 3285 condicionalibus
1338 3216 1520 3304 disputare,
1545 3240 1684 3304 quorum
1710 3222 1854 3306 protasis
1872 3219 1914 3285 ab

225 3341 256 3405 εἰ
278 3339 441 3426 particula
463 3362 538 3406 cum
556 3339 597 3405 ἄν
614 3339 734 3406 vocula
752 3340 937 3426 composita
955 3339 1105 3426 incipiat,
1130 3336 1356 3423 quaerendum
1376 3358 1449 3402 esee
1467 3337 1549 3402 mibi
1568 3335 1710 3421 videtur,
1735 3337 1913 3405 formarum

226 3457 322 3544 hujus
353 3459 555 3546 particulae,
590 3458 711 3546 quibus
741 3461 921 3545 scriptores
944 3459 1037 3523 attici
1060 3466 1206 3538 utuntur,
1240 3477 1400 3541 quasnam
1423 3455 1538 3520 Isseus
1562 3465 1673 3521 orator
1691 3459 1913 3543 usurpaverit.

225 3576 325 3663 Apud
355 3579 534 3664 scriptores
562 3587 672 3642 autem
702 3579 820 3643 atticos
849 3576 1031 3665 particulae
1061 3574 1102 3640 dv
1125 3597 1199 3640 cum
1218 3574 1250 3639 εἰ
1273 3577 1477 3660 compositae
1499 3584 1567 3639 tres
1589 3574 1712 3640 formas
1733 3576 1791 3640 δάν
1813 3573 1853 3657 ἤν
1877 3573 1917 3639 δν

226 3694 329 3760 scribi
353 3705 492 3762 constat.
536 3695 805 3780 Kuehncrus**t,
834 3708 872 3760 ut
892 3695 975 3761 alios
997 3695 1267 3782 praetermittam,
1291 3695 1338 3757 ita
1360 3692 1473 3759 docet:
1497 3691 1559 3756 Bei
1579 3690 1643 3756 den
1663 3692 1816 3759 Attikern
1839 3692 1915 3760 sind

224 3814 295 3896 ύύν,
316 3809 356 3895 ἤν
383 3813 452 3879 und
474 3812 515 3880 ἄν
546 3814 802 3900 gebrttuchlich,
832 3814 970 3879 beiden
993 3814 1180 3899 Tragikern
1199 3812 1282 3877 aber
1298 3810 1468 3897 begegnet
1489 3833 1564 3876 man
1588 3809 1631 3876 ἄν
1653 3834 1716 3876 nur
1737 3833 1823 3898 gana
1846 3833 1917 3878 ver·

227 3932 348 3997 einaelt
369 3931 437 3997 und
459 3932 735 3999 wabrscheinlioh
757 3957 820 3999 nur
842 3933 890 3999 als
914 3933 1171 4003 Schreibfehler.
1219 3931 1317 4019 Apud
1339 3933 1471 3998 Isaeum
1494 3929 1536 4013 ἧν
1557 3933 1674 4016 forma,
1707 3933 1735 3998 si
1760 3929 1914 3999 codicum

227 4052 410 4138 scripturae
433 4052 532 4118 fidem
556 4051 678 4119 babere
701 4052 795 4136 lieet,
828 4075 987 4139 nusquam
1014 4054 1172 4130 occurrit,
1205 4050 1266 4118 sed
1287 4051 1386 4136 longe
1409 4051 1626 4115 usitatissima
1643 4050 1750 4117 forma
1772 4059 1823 4116 ost
1844 4050 1915 4130 δάν,

229 4193 302 4237 cum
334 4167 376 4236 dv
406 4174 523 4258 paucis
545 4172 628 4239 locis
652 4182 776 4255 exstet,
810 4172 854 4240 cf.
877 4172 1011 4255 111‚64:
1033 4175 1089 4237 καὶ
1106 4172 1166 4247 τὰς
1190 4167 1276 4236 οὕτω
1300 4168 1480 4250 δοθείσας,
1499 4165 1541 4232 δν
1563 4167 1583 4232 ὁ
1606 4167 1715 4252 πατὴρ
1734 4167 1840 4233 αύτων
1867 4189 1920 4230 τε·

228 4292 368 4374 λευτηση
392 4340 398 4354 .
420 4339 428 4354 .
448 4338 476 4370 .,
502 4289 693 4372 v1‚61.64.
726 4290 820 4373 VIII,
831 4291 862 4357 5.
895 4290 1075 4373 x,11.23.
1107 4289 1233 4372 ΧΙ,12.
1283 4287 1394 4374 Atque
1421 4287 1484 4369 XI,
1496 4286 1537 4350 38
1568 4295 1645 4349 ante
1676 4282 1805 4368 ἄποροι
1834 4283 1919 4367 παρ’

227 4410 302 4492 ὑμῖν
324 4399 414 4474 εἶναι
431 4407 576 4486 δόξωσιν
598 4407 763 4495 particula
784 4405 827 4472 ἄν
845 4407 887 4473 ab
910 4406 1069 4475 Dobreeo
1092 4406 1207 4472 addita
1225 4415 1285 4489 ost,
1309 4427 1419 4491 neque
1437 4405 1560 4490 injuria
1578 4402 1613 4467 id
1634 4403 1759 4467 factum
1778 4423 1864 4485 esse,
1887 4401 1917 4466 si

228 4549 351 4593 nexum
384 4528 620 4593 sententiarum
651 4528 875 4614 perspexeris,
910 4525 1102 4616 apparebit,
1134 4527 1214 4609 nisi,
1247 4546 1322 4589 curn
1346 4520 1387 4586 ἄν
1414 4524 1521 4587 rarius
1549 4522 1708 4608 scripturn
1731 4518 1916 4602 videamus,

229 4644 293 4712 boc
315 4644 390 4713 loco
412 4640 453 4726 ἦν
471 4644 609 4710 formam
628 4643 880 4729 praeferendam
900 4668 974 4711 esso
992 4654 1101 4732 putes,
1126 4665 1200 4709 curn
1219 4642 1414 4729 praesertim
1434 4640 1628 4728 plerumque
1646 4635 1798 4703 variandi
1817 4655 1920 4701 causa

385 4817 409 4881 ⁴¹)
427 4817 532 4869 Kuebn.
551 4816 588 4875 II,
605 4831 665 4882 pag.
684 4814 743 4866 989.

386 4900 428 4967 **)
446 4919 483 4968 ΒΥ·
502 4902 616 4967 11‚pag.
635 4897 694 4960 965,
714 4897 738 4959 l,
756 4914 817 4950 ann.
836 4899 861 4950 3.

1714 4992 1734 5043 t
