4284 5572
1856 410 1902 476 33

212 613 297 677 darii
328 634 346 676 e
379 609 518 675 consilio
550 608 620 674 solo
650 609 825 673 efficientis
849 608 1031 694 profectam
1056 630 1129 672 esse
1153 609 1301 695 optativo
1325 605 1491 670 indicatur
1513 628 1622 692 neque
1646 607 1907 691 exspectationis

213 733 297 797 ratio
321 729 513 801 habetur.*l
560 727 726 812 Exempla
749 729 961 813 reperiuntur
982 726 1044 806 III,
1055 728 1106 791 28.
1127 727 1180 792 32.
1204 725 1264 808 VI,
1278 727 1331 790 ⁶24.
1357 725 1434 807 VII,
1450 726 1503 791 39.
1527 725 1622 807 VIII,
1638 726 1680 789 36
1698 723 1761 789 bis.
1785 725 1827 790 39
1842 725 1905 791 bis.

212 851 274 932 IX,
294 851 347 914 30.
371 849 415 930 X,
438 849 487 911 17.
511 846 574 928 XI,
589 847 642 911 49.

367 967 539 1051 Pergimus
572 964 614 1029 ad
646 966 861 1052 praeteritum
892 987 965 1028 cum
998 964 1053 1028 ἵνα
1082 963 1244 1050 particula
1281 965 1506 1049 conjunctum.
1552 963 1660 1047 Hujus
1683 965 1816 1047 generis
1840 987 1906 1030 non

212 1088 276 1152 nisi
301 1109 401 1150 unum
425 1087 458 1149 in
482 1095 636 1170 promptu
660 1083 767 1149 habeo
792 1083 993 1169 exemplum,
1023 1081 1079 1147 ubi
1106 1084 1286 1170 praeterito
1309 1082 1349 1146 ἄν
1373 1081 1537 1168 particula
1559 1093 1610 1145 est
1630 1081 1771 1167 adjecta.
1813 1080 1905 1165 XI,6

212 1205 263 1270 his
292 1204 405 1269 verbis
432 1213 543 1268 orator
571 1204 692 1267 utitur:
722 1204 832 1265 καίτοι
864 1205 960 1282 τόνγε
985 1204 1178 1283 πράττοντά
1207 1226 1238 1266 τι
1267 1200 1399 1266 δίκαιον
1422 1198 1461 1264 οὐ
1483 1201 1649 1284 προσῆκεν
1671 1201 1812 1283 ἀπορεῖν
1835 1200 1907 1266 ἀλλ’

212 1323 312 1399 εὐθὺς
335 1326 455 1403 λέγειν,
478 1327 533 1387 καὶ
556 1322 601 1403 μὴ
619 1325 720 1404 μόνον
741 1323 842 1383 τοῦτο
860 1326 984 1400 ποιεῖν,
1008 1321 1164 1385 ἀλλὰκαὶ
1183 1319 1392 1402 διόμνυσθαι
1410 1324 1465 1383 καὶ
1484 1322 1544 1382 τοῦ
1561 1326 1676 1399 γένους
1694 1321 1906 1403 παρέχεσθαι

213 1445 401 1524 μάρτυρας,
439 1440 494 1503 ἵνα
531 1442 659 1522 μᾶλλον
689 1438 729 1502 ἄν
757 1438 950 1502 ἐπιστεύετο
981 1438 1039 1524 ὑφ’
1067 1439 1168 1521 ὑμῶν.
1228 1438 1434 1503 Indicativus
1463 1438 1634 1523 praeteriti
1663 1439 1697 1500 in
1728 1440 1906 1503 enuntiatis

213 1558 368 1623 linalibus
400 1561 526 1645 positus
557 1558 729 1622 consilium
761 1579 825 1621 non
851 1558 1002 1622 evenisse
1026 1568 1082 1620 aut
1105 1558 1239 1620 evenire
1264 1579 1362 1643 posse
1385 1555 1511 1619 indicat
1534 1565 1777 1642 proptereaque
1796 1557 1904 1622 locum

213 1689 313 1756 tenet,
337 1680 364 1742 si
385 1679 588 1741 enuntiatum
612 1676 710 1740 finale
733 1675 859 1762 pendet
880 1698 900 1739 a
923 1678 1101 1761 praeterito
1127 1698 1201 1740 curn
1225 1673 1268 1739 ἄν
1286 1675 1449 1762 particula
1467 1677 1594 1740 sociato
1613 1684 1672 1738 aut
1686 1697 1706 1738 a
1719 1678 1903 1761 ‘praeterito

213 1796 389 1860 verborum
423 1797 630 1860 necessitatis
662 1795 764 1859 officii
802 1793 1029 1871 similiurn.**)
1087 1794 1267 1875 Quaeritur
1296 1805 1423 1875 autern,
1456 1816 1533 1857 num
1563 1790 1604 1857 ἄν
1633 1794 1797 1879 particula
1827 1796 1906 1859 ferri

215 1917 330 2000 possit,
357 1917 388 1978 in
414 1937 479 1999 qua
501 1917 699 1999 interpretes
723 1913 910 1987 haeserunt.
949 1913 1200 1978 Schoemannus
1224 1912 1358 2000 quidem
1382 1912 1535 1977 codicum
1560 1914 1756 1999 scripturam
1780 1917 1905 1979 servari

214 2032 328 2114 voluit,
362 2055 435 2097 curn
469 2033 668 2119 explicaret:
701 2031 835 2095 additur
867 2043 975 2095 autern
1000 2030 1054 2113 ἄν,
1087 2031 1144 2096 ubi
1169 2031 1361 2117 praevaleat
1383 2030 1590 2095 condicionis
1613 2033 1704 2097 notio
1726 2039 1789 2105 (wo
1813 2070 1845 2080 -
1872 2035 1905 2098 in

214 2151 373 2216 walchem
397 2152 424 2214 F
427 2151 502 2227 allel
526 2150 703 2216 obscurata
726 2150 855 2215 consilii
880 2173 919 2214 ac
942 2150 1122 2216 voluntatis
1145 2153 1291 2216 notione.
1337 2150 1381 2213 Et
1402 2150 1551 2213 Akenins
1575 2148 1689 2214 docet:
1722 2150 1907 2216 Scheinbar

215 2270 272 2332 i'ao
294 2267 335 2333 ἄν
364 2271 449 2334 Isae.
474 2271 569 2351 Xl,6
596 2320 602 2332 .
648 2319 656 2352 ,
686 2269 767 2332 aber
796 2268 867 2332 dies
900 2271 942 2333 iat
971 2297 1012 2323 =
1042 2291 1101 2334 wo
1132 2292 1168 2333 er
1198 2269 1277 2334 eher
1301 2267 1453 2333 Glauben
1482 2268 1592 2332 finden
1617 2268 1729 2332 wiirde
1753 2299 1794 2324 =
1819 2270 1904 2334 daun

215 2389 326 2452 warde
351 2412 403 2452 er:
428 2413 476 2454 wo
496 2412 570 2452 man
590 2388 669 2452 cher
688 2384 775 2452 ὡότε
790 2398 953 2452 erwartet.
994 2387 1060 2454 Sed
1076 2399 1215 2474 utraque
1232 2387 1412 2475 explicatio
1429 2398 1481 2452 est
1497 2386 1651 2452 subtilior
1670 2411 1767 2474 quarn
1783 2391 1905 2462 verior.

217 2528 290 2568 cum
314 2510 509 2571 sententiam
534 2508 664 2571 finalem
691 2529 825 2591 prorsus
848 2508 1035 2593 exspectari
1059 2529 1163 2570 nexus
1186 2509 1424 2571 sententiarum
1447 2508 1519 2571 sine
1544 2504 1646 2569 dubio
1671 2506 1800 2572 doceat.
1843 2509 1905 2572 lta·

216 2647 280 2709 que
309 2624 466 2689 Dobreeo
500 2637 634 2690 auctore
670 2624 846 2690 Scheibius
878 2636 911 2690 et
933 2626 1162 2690 Buermannua
1193 2627 1228 2688 in
1260 2624 1464 2689 editionibus
1494 2627 1562 2689 suis
1585 2622 1627 2688 <iv
1650 2625 1847 2690 deleverunt
1873 2639 1906 2690 et

213 2755 304 2807 recte
329 2744 481 2829 quidem,
515 2756 551 2808 ut
573 2746 710 2829 opinor,
746 2767 820 2807 cum
844 2744 899 2807 ἵνα
921 2745 1086 2829 particula
1107 2743 1215 2808 finalis
1239 2766 1312 2807 cum
1337 2741 1378 2806 dv
1400 2744 1521 2809 vocula
1543 2745 1721 2829 conjuncta
1743 2746 1906 2835 exemplis

214 2885 280 2926 non
310 2865 389 2928 satis
421 2862 667 2949 comprobetur.
712 2863 829 2947 Neque
859 2864 946 2926 enirn
978 2874 1067 2927 recte
1096 2863 1278 2950 comparati
1302 2873 1380 2927 sunt
1401 2862 1424 2925 ii
1448 2862 1530 2946 loci,
1564 2861 1684 2948 quibus
1717 2860 1809 2940 ὅπως
1832 2888 1907 2950 par·

213 2980 315 3044 ticula
337 3004 412 3045 curn
436 2983 627 3067 praeterito,
651 2982 704 3044 cui
728 2979 769 3043 ἄν
791 2981 983 3067 adjunctum
1007 2992 1067 3064 eat,
1092 2983 1218 3048 sociata
1241 2983 1397 3046 occurrit.
1443 2981 1526 3045 Nam
1546 2980 1611 3044 alia
1633 2992 1683 3047 est
1704 2985 1788 3047 ratio
1814 2980 1905 3060 ὅπως

214 3099 413 3182 particulae,
445 3099 509 3164 alia
538 3099 720 3184 particulae
753 3100 817 3163 ἵνα.
869 3101 951 3186 Ejus
981 3113 1089 3164 antem
1122 3102 1255 3186 generis
1265 3150 1273 3182 ,
1304 3101 1338 3163 in
1368 3123 1433 3187 quo
1457 3098 1498 3162 ἄν
1522 3102 1690 3166 enuntiato
1715 3100 1756 3164 ab
1781 3102 1835 3165 ἵνα
1857 3104 1907 3166 in·

213 3217 351 3302 cipienti
390 3217 540 3300 additur,
579 3230 711 3304 praeter
738 3218 846 3282 locum
883 3219 1014 3283 allatum
1045 3219 1135 3305 apud
1166 3220 1399 3304 grammaticos
1430 3241 1530 3282 unum
1562 3220 1749 3306 exemplum
1779 3222 1904 3302 inveni,

213 3335 303 3419 quod
334 3336 415 3399 Luc.
441 3337 527 3401 Tox.
553 3360 581 3401 c.
607 3338 642 3400 18
673 3339 875 3401 continetur:
909 3339 963 3401 ἵνα
992 3342 1046 3402 καὶ
1077 3339 1229 3402 ἀπιστεῖν
1260 3335 1301 3399 ἂν
1329 3336 1490 3419 ἐδυνάμην
1522 3337 1646 3413 αὐτοῖς.
1694 3340 1907 3425 Quapropter

211 3453 295 3538 legis
327 3457 405 3519 artis
436 3457 571 3519 criticae
595 3452 637 3518 ἄν
670 3454 864 3541 particulam
891 3454 1055 3520 delentem
1080 3477 1132 3520 me
1158 3455 1312 3521 oblivisci
1334 3478 1400 3520 non
1427 3468 1519 3542 puto,
1544 3478 1617 3519 curn
1644 3459 1817 3541 prasertim
1847 3459 1906 3521 vix

212 3572 312 3636 ullum
348 3598 420 3638 esse
449 3575 644 3660 scriptorem
674 3586 822 3656 constet,
858 3573 946 3659 apud
981 3597 1077 3660 quern
1110 3598 1175 3640 non
1212 3573 1392 3660 aliquando
1431 3573 1474 3639 civ
1504 3573 1666 3661 particula
1694 3573 1904 3641 librariorum

213 3714 324 3756 errore
348 3692 430 3757 falso
456 3705 512 3758 aut
535 3694 703 3756 omittatur
726 3705 782 3757 aut
803 3691 954 3757 addatur.

365 3811 439 3876 Non
470 3813 577 3876 minus
609 3833 707 3896 quam
730 3814 944 3898 praeteritum
973 3834 1047 3875 cum
1071 3809 1114 3876 ἄν
1138 3813 1297 3876 sociatum
1322 3812 1466 3875 futurum
1491 3812 1525 3874 in
1549 3813 1727 3877 enuntiatis
1750 3812 1905 3879 finalibus

212 3951 296 4013 quae
321 3929 362 3995 ab
387 3930 443 3993 ἵνα
465 3932 630 4016 incipiunt
653 3943 900 3996 controversum
926 3944 986 3996 est.
1033 3928 1206 4016 Ejusmodi
1230 3930 1324 3995 locus
1348 3929 1443 4009 VIII,
1464 3931 1501 3992 15
1525 3941 1653 3995 exstat:
1678 3929 1769 4012 ἡμεῖς
1791 3935 1905 3995 τοίνυν

210 4053 266 4111 καὶ
297 4046 382 4112 ἄλλα
408 4051 570 4132 τεκμήρια
599 4053 688 4132 πρὸς
710 4053 842 4126 τούτοις
871 4052 989 4132 ἔχομεν
1018 4054 1144 4130 εἰπεῖν,
1176 4049 1230 4112 ἵνα
1260 4052 1434 4129 γνώσεσθε
1466 4044 1518 4112 ὅτι
1546 4047 1581 4111 ἐκ
1613 4053 1783 4131 θυγατρὸς
1813 4048 1905 4132 ἡμεῖς

212 4170 369 4246 Κίμωνος
388 4169 497 4250 ἐσμέν.
543 4167 874 4246 Schoemannus***)
894 4168 1046 4234 codicum
1067 4169 1251 4254 scripturae
1271 4169 1318 4232 ita
1336 4189 1530 4232 succurrere
1550 4167 1670 4250 studet,
1692 4178 1729 4232 ut
1745 4169 1904 4255 explicet:

211 4287 309 4349 etiam
340 4284 406 4349 alia
433 4284 593 4350 habemus
623 4285 837 4367 documenta,
870 4309 955 4373 quae
988 4286 1042 4351 ubi
1067 4285 1284 4368 attulerimus,
1319 4288 1529 4371 cognoscetis
1552 4287 1702 4373 prolecto
1726 4299 1790 4352 etc.
1837 4287 1904 4352 Sed

209 4401 295 4466 hane
319 4403 574 4489 explicationem
599 4427 663 4469 nou
687 4427 785 4492 posse
809 4405 1019 4491 comprobari
1044 4404 1283 4485 Kuehnerus†)
1309 4417 1399 4470 recte
1424 4405 1533 4487 docet,
1558 4428 1631 4470 cum
1657 4405 1756 4490 dicat,
1782 4408 1808 4471 si
1833 4405 1902 4471 tale

362 4640 389 4706 *)
408 4643 493 4693 Akeu.
511 4644 528 4693 l.
548 4660 571 4693 c.
589 4640 606 4710 ξ
627 4642 676 4694 140
693 4651 721 4694 et
739 4644 843 4694 Kuehn.
863 4661 901 4711 gr.
919 4645 955 4694 11.
972 4642 1024 4695 904
1041 4660 1103 4695 anu.
1121 4644 1146 4695 8.

363 4724 405 4786 ”l
424 4728 529 4778 Kuehn.
547 4744 586 4794 gr.
604 4731 638 4778 11.
657 4728 716 4788 903,
734 4729 750 4779 7
768 4735 796 4780 et
813 4729 899 4779 Alcen.
917 4729 934 4778 l.
953 4746 976 4779 c.
994 4725 1011 4797 ξ
1031 4729 1088 4780 leo.

362 4810 419 4871 ***)
439 4813 467 4861 in
485 4813 548 4862 edit.
567 4829 660 4863 comm.
679 4815 713 4864 ad
731 4814 801 4863 hunc
819 4813 915 4864 locam.

362 4898 391 4959 ‘ll
412 4914 449 4963 gr.
470 4898 505 4947 ll.
524 4913 583 4963 pag.
601 4898 653 4948 898
670 4914 731 4949 ann.
749 4898 774 4948 4.
